2828 4776
489 344 521 398 de
538 342 682 400 metathesi
699 357 803 412 graeca.
1143 343 1200 405 153

63 516 165 582 haee
184 515 294 582 liokio
317 537 348 600 p.
373 519 434 581 364
457 514 653 581 eonferenda
676 535 746 581 esse
769 533 839 579 oum
862 515 918 578 lat.
942 523 1070 598 torpere
1091 516 1202 583 lituan.

64 613 191 698 obp-ti
208 611 315 679 theod.
340 612 416 676 derb
437 622 496 679 oet.
541 611 777 695 Aspirationem
799 635 827 676 rr
848 611 975 678 litterae
997 613 1204 697 priusquam

61 711 280 778 metathesim
308 709 426 777 laetam
458 729 529 777 esse
561 710 715 793 probatur
745 709 854 776 formis
885 711 1031 792 eognatis
1062 711 1203 800 ταρφύς,

60 807 210 895 τάρφος
233 806 339 892 (παρὰ
360 807 399 872 τὸ
422 811 614 895 τρέφεσθαι
636 807 717 888 EM„
740 807 779 872 of.
802 808 881 873 Lob.
904 827 935 890 p.
960 809 1043 887 497).

167 911 215 973 23.
237 903 361 990 τράμις.
374 904 424 983 (τὸ
440 911 548 992 τρῆμα
563 911 624 990 τῆς
641 902 751 986 ἕδρας,
774 899 792 969 ὁ
816 902 927 991 ὄρρος,
950 906 1040 983 τινὲς
1059 905 1203 993 ἔντερον,

60 1002 94 1067 οἱ
147 1004 179 1070 δὲ
214 1002 322 1084 ἰσχίον
351 1002 502 1086 Hesyoh.)
534 1000 666 1068 Fiokius
699 1024 730 1087 p.
755 1007 934 1070 364'reote
971 1023 1041 1068 eum
1078 1006 1202 1090 anglos.

59 1101 209 1180 iteam,
232 1100 340 1169 theod.
363 1102 489 1178 duram,
513 1100 602 1163 darm
625 1100 759 1166 eontulit
779 1121 817 1168 ae
839 1101 1049 1185 probabiliter
1070 1102 1113 1168 ad
1136 1103 1203 1169 rad.

59 1207 128 1259 tur
155 1199 323 1266 revocavit.
800 1250 805 1258 ·

166 1300 214 1361 24.
239 1294 428 1380 ἕ-τραγ-ον,
462 1293 597 1380 τρώγ-ιυ
625 1302 684 1361 oet.
714 1295 777 1360 iam
801 1296 961 1382 Benleyus
983 1299 1015 1362 ll
1039 1302 1100 1363 262
1133 1319 1205 1365 oum
1279 1324 1280 1329 ¹

57 1390 196 1473 τρύχω,
218 1398 400 1479 τρίβωαθτ.
416 1394 603 1477 oomposuit.
648 1392 729 1458 Rad.
753 1417 836 1479 τραγ
858 1395 1015 1477 rodere,
1039 1398 1205 1464 mandu-

59 1506 171 1558 earo
203 1513 220 1559 e
255 1502 307 1555 tor
342 1499 475 1559 terere
512 1498 543 1558 et
576 1514 595 1575 y
630 1493 806 1575 oomposita
835 1491 970 1559 videtur.
1015 1493 1085 1559 Hue
1107 1496 1205 1563 etiam

58 1594 240 1667 τρῶκται,
275 1587 365 1674 τρώξ
397 1588 448 1667 (ol.
470 1581 567 1673 θρὶψ
592 1588 635 1653 ad
657 1592 791 1672 τρίβω),
826 1609 908 1672 quae
930 1589 1056 1657 Curtius
1086 1614 1117 1677 p.
1141 1597 1203 1658 427

60 1695 320 1770 commemorat,
363 1687 536 1771 pertinent.
599 1684 737 1773 Τρώγλη
782 1687 818 1751 L.
856 1689 966 1771 Meyer
1004 1688 1088 1756 ‘Get
1127 1692 1201 1775 apr!

59 1797 89 1859 p·
134 1787 196 1849 244
218 1804 289 1850 oum
312 1792 376 1868 got.
399 1782 531 1849 stabla.
546 1784 728 1850 foramen
750 1786 957 1867 comparavit.

167 1885 214 1948 25.
238 1880 361 1966 τρασιά
394 1883 540 1956 usitatior
572 1882 698 1947 videtur
731 1880 833 1946 lorma
869 1882 968 1949 luisse
1003 1905 1060 1968 pro
1084 1891 1206 1970 ταρσία

61 1974 113 2045 (V-
144 1980 302 2065 Aristoph.
325 1971 400 2047 nub.
423 1985 475 2063 51,
499 1981 591 2046 Phot.
616 1985 646 2063 p.
675 1981 746 2054 508,
773 1982 833 2059 13),
857 1987 943 2046 certe
964 1981 1123 2047 recentior
1145 1989 1205 2066 est,

59 2064 102 2129 Of·
132 2076 267 2161 ταρσός,
282 2083 456 2163 τέρσομαι,
473 2097 532 2143 sor.
549 2077 645 2148 tarel,
662 2083 727 2159 got.
739 2075 902 2159 tboursjon
913 2084 972 2143 ool.
995 2076 1081 2144 Ourt.
1092 2083 1205 2162 pili.

167 2178 216 2240 26.
238 2180 324 2257 τρέω
361 2195 379 2241 e
407 2173 593 2259 *τρεσ-ωμ
611 2171 763 2258 *τερα-ω
796 2206 834 2225 =
865 2176 921 2239 lat.
951 2184 1057 2239 terreo
1085 2184 1144 2242 oet.
1174 2197 1206 2243 v.

56 2276 177 2349 supra
198 2275 217 2352 ξ
240 2276 270 2338 3.
315 2272 411 2357 Apud
442 2272 641 2357 Hesyobium
673 2271 790 2354 legitur
823 2269 955 2355 ἕτερσε·
989 2270 1207 2360 ἐφόβησε-

55 2361 215 2436 pristina
237 2369 354 2436 radieis
376 2370 478 2436 forma
501 2370 533 2434 vi
555 2368 723 2435 transitiva
746 2371 950 2456 usurpata⁴⁸).
968 2404 1008 2415 —-
1034 2370 1207 2440 Probabile

54 2463 121 2522 est
146 2468 249 2550 aliquo
264 2475 408 2552 tempore
422 2468 456 2532 in
471 2487 536 2533 una
550 2466 668 2532 radicis
689 2467 791 2531 forma
813 2467 1003 2534 convenisse
1025 2469 1207 2536 terrendi

52 2552 85 2609 0ss
147 2564 328 2632 torrendi
361 2565 625 2648 significationes,
661 2585 740 2647 quas
768 2564 877 2629 Latini
908 2583 968 2630 neo
1000 2565 1105 2632 minus
1134 2567 1208 2633 Indi

50 2647 160 2723 (³²⁸OE
176 2697 213 2708 ·-
231 2662 330 2739 iareb)
360 2669 392 2729 et
413 2662 521 2727 Bactri
544 2669 641 2740 (ἰαναρ
663 2698 703 2708 -
727 2661 813 2725 turslr
836 2662 869 2726 in
892 2661 1021 2725 toralbo
1048 2663 1153 2741 sitis)
1176 2671 1209 2731 et

47 2755 237 2827 Posterius
259 2760 322 2844 ipsi
344 2759 458 2826 Graeoi
482 2758 705 2825 distinxerunt.
835 2804 837 2809 -

44 2927 49 2941 ,
165 2861 214 2922 27.
237 2855 387 2943 τετράων
411 2856 670 2939 (gallinarum
701 2857 871 2942 speeies)
894 2857 1027 2924 Fiokius
1048 2878 1078 2941 p.
1104 2862 1144 2923 76
1167 2876 1208 2924 ex

41 2944 186 3039 11¹dog.
209 2952 360 3019 *tuturus
384 2955 476 3020 duxit
497 2957 624 3022 collatis
645 2975 729 3039 pers,
753 2947 907 3027 raderes.
926 2955 1039 3021 lituan.
1063 2964 1206 3026 luterens,

41 3025 202 3140 bpruss.
219 3058 368 3125 laturario,
388 3054 510 3119 sloven.
527 3057 650 3116 ἰατταταῖ
666 3053 715 3130 (oi.
730 3051 813 3118 Curi.
826 3075 859 3136 p.
872 3057 956 3131 211).
987 3052 1128 3132 Quorum
1144 3073 1208 3117 om·

37 3142 78 3236 ¹1}
84 3155 164 3215 um
179 3151 315 3216 formam
330 3151 542 3236 prinoipalem
554 3156 702 3213 *ταιανυτ
717 3151 814 3216 luisse
829 3171 866 3216 eo
883 3149 1033 3232 firmatur,
1050 3149 1136 3232 quod
1147 3170 1207 3216 sor.

38 3228 206 3330 litteras,
230 3268 277 3331 gr.
289 3252 439 3332 τέταρος,
463 3248 574 3314 lituan.
592 3258 731 3332 tylam-s
751 3249 884 3313 formam
900 3245 1065 3310 *ta-tor-rr
1088 3247 1210 3313 subido·

37 3322 1304 3431 Qmmfflmmmmm,

166 3446 217 3509 28.
241 3439 422 3528 ἆστραλός·
447 3438 465 3508 ὁ
492 3441 602 3529 ψαρὸς
625 3439 692 3506 ὑπὸ
711 3444 888 3509 Θετταλῶν
903 3442 1042 3526 Hesyoh.
1081 3441 1127 3507 Of.
1152 3442 1208 3507 lat.

34 3525 221 3613 sturnus,
256 3540 364 3607 theod.
388 3550 476 3603 staro
499 3547 558 3607 oet.
582 3539 667 3605 curt.
691 3561 721 3623 p.
746 3544 817 3605 331.
854 3540 986 3605 Fiekius
1008 3558 1039 3621 p.
1063 3543 1125 3602 410
1148 3538 1167 3600 λ
1188 3556 1209 3602 a

34 3609 247 3705 Phasaelis
284 3638 413 3721 saepius
449 3658 506 3721 pro
544 3663 561 3702 ν
598 3637 735 3720 positum
773 3656 843 3702 esse
880 3637 929 3712 (ol.
963 3632 1114 3712 Ἔλιττεύς
1151 3656 1209 3719 pro

38 3761 386 3800 N—
467 3818 469 3823 ,
769 3760 772 3764 .

151 3870 182 3936 ⁴⁸)
199 3866 259 3924 Hoc
271 3869 340 3924 enim
351 3868 459 3922 Curtius
469 3882 496 3936 p.
508 3871 554 3921 211
566 3870 641 3922 recte
650 3866 762 3927 monuit,
777 3881 872 3934 parum
882 3867 976 3921 dextre
985 3865 1023 3920 M.
1034 3865 1210 3920 Schmidtium

45 3918 202 4018 lwetot
220 3950 249 4004 in
267 3946 392 4021 ἐφοβήθη
412 3954 539 4003 mutasse.
