2828 4776
87 347 132 403 De
149 365 279 405 sonorum
296 349 493 414 affectionibus,
512 363 581 419 quae
598 348 785 419 percipiuntur
802 348 831 403 in
849 348 910 403 dial.
928 347 1088 403 neoloorioa.
1125 344 1186 406 343

59 520 234 605 abiegna-03
267 522 411 588 eiusdem
438 521 512 586 libri
539 543 570 605 p.
595 526 632 585 41
666 520 707 587 de
735 521 774 587 iis
802 522 917 604 agitur,
948 538 1030 604 qnae
1051 521 1093 586 ab
1122 519 1188 586 illis

60 618 191 701 legibus
213 618 405 703 excipienda
426 638 497 686 esse
520 618 679 685 videntur.

512 933 517 940 ·
599 911 669 983 §l

376 1059 429 1122 De
451 1059 687 1124 consonantibus
709 1061 885 1122 imminutis.

153 1213 185 1299 1)
224 1213 303 1278 Cum
325 1214 359 1278 in
381 1213 527 1279 dialectis
549 1213 905 1296 neograeoisomnibus,
928 1222 995 1279 tum
1017 1214 1050 1278 in
1072 1212 1190 1278 loonioa

60 1321 180 1379 tenues
202 1331 300 1394 saepe
326 1311 359 1375 in
382 1331 472 1376 suam
494 1330 639 1393 quaeque
660 1312 817 1392 mediam,
839 1312 973 1378 ‚mediae
1002 1310 1120 1377 deinde
1148 1329 1189 1376 ex

61 1411 139 1494 lege
150 1428 236 1474 nune
247 1409 314 1473 late
325 1415 456 1491 patente
470 1409 504 1472 in
520 1410 680 1493 spirantes
696 1410 764 1476 sive
779 1409 941 1476 fricativas
952 1415 1094 1474 mutatae
1106 1413 1188 1474 sunt.

144 1620 176 1685 a)
221 1610 456 1676 Gutturalis
478 1611 599 1678 fortis
620 1610 641 1673 lc
662 1612 703 1677 in
726 1635 762 1697 9,
787 1612 938 1680 deinde
959 1613 999 1677 in
1021 1635 1040 1696 γ
1065 1612 1113 1695 (j)

510 1716 663 1775 mutata
685 1719 755 1777 est.

180 1816 226 1902 ‘'1)
271 1827 366 1892 Initio
388 1828 616 1894 vocabulorum
638 1835 714 1894 ante
735 1830 874 1894 vocales.

151 1924 288 2007 Κωβιός
317 1926 370 1990 vel
401 1926 506 2009 potius
534 1925 628 1991 huius
650 1927 738 1992 voois
768 1925 997 1993 deminutivum
1030 1922 1191 2006 κωβίὸιον

61 2029 207 2088 mutatur
228 2022 261 2086 in
283 2021 397 2105 yooidi.
442 2019 686 2108 Καρυόφυλλον
709 2025 741 2087 in
765 2023 956 2107 yurdsullon
980 2019 1079 2108 κύπη,
1103 2022 1192 2087 euius

62 2123 136 2186 loeo
163 2120 228 2184 iam
255 2120 437 2204 Hesychius
466 2117 555 2206 ydnp
586 2122 735 2203 praebet,
770 2122 804 2186 in
833 2121 926 2204 yion,
957 2118 1119 2202 κυψέλιον
1149 2137 1191 2184 ex

64 2218 197 2304 κυψέλη
222 2224 362 2282 mutatur
388 2218 422 2281 in
443 2217 561 2301 yepsdli,
590 2224 688 2303 καρίς
710 2220 743 2283 in
760 2217 887 2302 yam'do,
917 2237 975 2301 pro
1000 2217 1101 2283 latino
1126 2236 1192 2282 oar-

62 2316 185 2380 dinalis
208 2315 322 2379 dieitur
343 2313 525 2397 yardindlis,
549 2336 607 2399 pro
629 2335 758 2382 seourus
778 2315 904 2399 si'ynros
926 2322 986 2382 oet.

196 2410 229 2495 2)
272 2412 306 2476 in
328 2412 442 2478 mediis
464 2413 630 2480 vocabulis
652 2421 728 2480 ante
749 2415 888 2479 vocales.

152 2509 296 2581 πλέκω)
319 2516 459 2575 mutatur
480 2510 513 2575 in
531 2511 635 2594 picino,
659 2509 780 2596 λεκάνη
797 2518 830 2577 et
846 2510 1078 2577 deminutivum
1094 2507 1193 2574 λεκά-

64 2632 139 2675 νιον
162 2608 196 2672 in
218 2598 326 2689 leye'ni.

197 2708 228 2782 3)
273 2704 307 2769 in
334 2704 449 2769 mediis
477 2705 643 2770 vocabulis
672 2714 747 2771 ante
776 2706 916 2789 liquidas
945 2708 965 2788 l,
994 2727 1013 2768 n
1043 2713 1074 2772 et
1095 2726 1116 2768 n
1136 2726 1193 2771 na-

62 2805 178 2885 salem,
203 2802 317 2885 quibus
339 2801 527 2885 saepissime
550 2822 646 2870 sonos
668 2804 791 2870 vioinos
813 2804 957 2869 imminui
980 2810 1115 2869 constat.

153 2902 204 2965 Ex
225 2905 336 2965 vetere
358 2896 499 2982 κράστις
528 2908 642 2983 (atque
664 2899 822 2986 γράστις)
852 2901 886 2967 fit
907 2900 1042 2985 masidi,
1072 2918 1115 2966 ex
1137 2909 1216 2964 nv?

63 3009 189 3084 πρῖνος
210 2995 373 3080 prestun),
399 3015 439 3061 ex
462 2986 567 3077 αὖλαξ
587 2999 728 3080 uonnyid,

154 3115 195 3162 ex
217 3091 414 3177 κλυστήριον
437 3093 562 3176 γΙίεἰίνί,
586 3114 627 3160 ex
649 3092 788 3174 ἒκλείχω
810 3095 903 3178 ylifo,

154 3213 194 3258 ex
217 3188 385 3275 ἒκλυτρόω
408 3191 526 3273 ylitdno
548 3190 626 3273 (vid.
642 3192 788 3257 Passovii
810 3192 920 3277 popul.
944 3191 1047 3256 (ianm.
1071 3189 1191 3272 indie),

155 3309 196 3356 ex
218 3287 342 3355 invado
366 3287 470 3372 ynifo.
515 3288 688 3354 Passovius
710 3289 743 3353 in
759 3290 868 3373 popul.
886 3288 990 3354 Carni.
1010 3288 1106 3353 etiam
1122 3307 1193 3370 yne-

61 3389 138 3470 fizo
162 3387 264 3453 affert.
941 3415 944 3421 ·

142 3626 160 3689 ¹)
196 3620 336 3687 Iudicium,
364 3636 397 3675 ex
415 3637 468 3689 quo
486 3621 557 3675 hano
575 3621 694 3675 radicem
716 3620 769 3674 iam
793 3619 952 3688 antiquitate
970 3618 1116 3674 emollitam
1133 3633 1194 3674 esse

67 3704 197 3767 efficitur,
219 3702 332 3772 praebet
349 3701 471 3770 πλεγνὺω
491 3701 570 3770 (Opp.
590 3701 655 3771 Cyn.
675 3706 698 3765 3,
718 3705 785 3768 213),
812 3701 858 3755 ubi
876 3699 976 3770 liquida
994 3720 1010 3750 ν
1027 3698 1192 3769 explosivam

66 3803 81 3836 κ
100 3781 230 3839 emollivit
248 3783 292 3844 tol.
310 3782 353 3835 El.
371 3782 416 3838 Et.
434 3799 461 3850 p.
480 3786 549 3847 486).

137 3867 159 3929 2)
193 3862 246 3918 Per
263 3861 425 3917 metathesin
443 3865 470 3916 et
488 3861 676 3916 emollitionem
695 3861 847 3931 explosivae
864 3859 944 3916 fortis
971 3879 990 3913 π
1008 3860 1036 3914 in
1053 3866 1071 3928 β
1093 3864 1121 3916 et
1145 3861 1190 3916 de-

65 3946 129 4001 inde
147 3945 177 3998 in
196 3962 220 3996 v.
256 3942 322 3998 Suff.
343 3944 389 3996 ads·
406 3971 439 3990 =
458 3942 546 3997 αδιον.
