2828 4776
166 378 211 434 De
230 395 358 435 sonorum
375 378 572 446 affectionibus,
591 394 660 448 quae
676 378 864 448 percipiuntur
882 380 910 433 in
928 379 990 434 dial.
1008 380 1168 436 neolocriea.
1205 379 1268 440 349

272 550 310 613 In
332 550 447 616 mediis
470 549 636 616 vocabulis
659 555 734 615 ante
756 551 903 616 voeales:

228 664 319 730 Pass.
341 685 373 747 p.
397 684 494 730 earm.
524 661 666 749 (Κρήτη)
694 663 813 728 εοθὶΙεά
842 685 900 747 pro
934 662 1096 745 ἕσωτικά,
1130 666 1270 731 tortitia

139 780 201 843 pro
223 759 418 846 μπαρούτια
441 763 611 844 (monim),
634 761 687 825 ubi
704 783 726 845 p
742 762 968 844 pronuntiatur
988 769 1023 827 ut
1038 761 1065 824 b.
1105 764 1199 847 ερίθὶ
1211 786 1269 849 pro

138 857 199 922 lat.
222 858 390 943 hospitium
412 879 518 941 graec.
541 856 627 940 vulg.
651 853 818 938 ὁσπίτιον,
831 859 939 942 saite
960 880 1018 943 pro
1037 865 1159 945 φωτία,
1182 884 1271 926 evre-

139 953 238 1019 θίΙειά
267 963 298 1022 et
325 956 476 1021 vreeiloa
512 976 569 1039 pro
598 952 777 1043 stipamine
805 987 845 1007 ===
879 953 1037 1041 εὸρετρα,
1070 958 1177 1042 pateo
1212 982 1270 1045 pro

138 1050 290 1118 πλάττω.
334 1054 519 1120 Postremae
540 1054 726 1120 mutationis
747 1053 866 1137 gradus
886 1054 1015 1121 fuerunt
1039 1079 1087 1131 ττ,
1109 1060 1167 1136 ee,
1189 1063 1227 1124 θ.

228 1151 314 1216 Ante
335 1173 354 1213 r
377 1157 436 1235 (ρ);
473 1150 642 1235 βάτραχος
663 1154 888 1235 pronuntiatur
910 1153 952 1218 ab
974 1153 1122 1219 omnibus
1138 1155 1271 1223 Graecis

141 1254 178 1312 ut
201 1247 368 1312 odoratos
390 1249 443 1314 vel
466 1247 612 1329 vulcanos,
637 1249 844 1336 καλαμητρίς
867 1257 902 1315 ut
922 1250 1117 1315 knlomo'era.

303 1429 337 1492 e)
383 1442 410 1482 π
432 1417 711 1501 insmutatur
732 1418 858 1485 initio
880 1420 1116 1486 verborum:

230 1571 372 1636 Antea:
417 1568 543 1655 πτερόν
571 1577 710 1636 mutatur
731 1572 765 1638 in
777 1572 930 1655 flerem),
963 1569 1057 1636 πτύω
1087 1573 1121 1637 in
1139 1573 1211 1656 flio
1240 1581 1272 1640 et

127 1666 208 1750 fio,
239 1672 356 1732 πίπτω
386 1669 420 1732 in
448 1667 556 1754 pasto,
591 1674 711 1752 πτέρις
739 1671 773 1735 in
785 1669 891 1752 steri,
922 1675 1022 1734 πτίον
1050 1670 1085 1734 in
1097 1669 1272 1752 fitcim'ton)

138 1766 231 1849 vulg.
245 1764 433 1848 flatrum),
456 1765 602 1845 πτωχός,
625 1771 757 1848 πτωχία
778 1768 812 1832 in
825 1766 948 1849 flexio,
963 1766 1075 1849 flexio
1096 1773 1156 1833 eet.

228 1863 315 1929 Ante
336 1865 483 1930 vooales:
518 1863 618 1946 sexto
641 1872 673 1929 et
694 1883 753 1948 per
773 1865 967 1930 metathesin
980 1864 1073 1947 wyte
1097 1884 1137 1929 ex
1159 1862 1271 1950 πύκτῃ

140 1959 296 2047 (πυγμῇ),
320 1960 361 2027 de
383 1980 445 2043 quo
467 1962 625 2027 vocabulo
647 1963 686 2027 of.
703 1962 846 2044 Deffner‚
870 1961 961 2027 Stud.
978 1962 1034 2044 IV,
1052 1965 1124 2043 289,
1136 1960 1273 2043 farfara·

140 2066 174 2125 et
187 2058 316 2141 setstri
336 2078 394 2140 pro
418 2057 591 2145 πορφύρα.
689 2096 693 2104 κ

272 2181 311 2245 In
333 2180 447 2247 mediis
469 2182 652 2247 vocabulis:

229 2304 306 2369 Post
327 2326 358 2369 s:
404 2300 554 2387 σπόγγος
576 2310 718 2369 mutatur
739 2303 774 2368 in
789 2302 921 2387 osbtyos
942 2305 1029 2387 vulg.
1045 2303 1271 2387 sfuayciritont

139 2401 230 2468 unde
250 2398 399 2486 osuaqo'zo
430 2407 461 2467 et
486 2400 690 2484 ofuttqart'zm
721 2398 911 2479 σπόνόυλος
939 2402 973 2466 in
1001 2401 1157 2484 ιεβόηδίἰοε
1185 2401 1273 2485 vulg.

139 2499 342 2580 sfunde‘liwa)
365 2506 397 2565 et
419 2498 507 2582 apud
528 2497 721 2564 Macedones
743 2496 928 2582 ssudt'lz'wa).

230 2598 308 2663 Post
330 2619 366 2659 r:
409 2594 523 2678 lutosos
546 2616 587 2662 ex
608 2594 746 2672 κόλπος.

102 2711 105 2719 ·
228 2693 470 2776 Aspirationem
492 2701 609 2776 autem,
632 2713 674 2760 ex
689 2714 753 2776 qua
774 2692 855 2760 haee
870 2693 1004 2759 mutatio
1029 2693 1155 2758 initium
1177 2694 1272 2777 oepit,

140 2811 208 2857 non
231 2792 335 2857 solum
364 2791 399 2857 in
420 2791 532 2873 lingua
553 2810 749 2875 neograeea,
778 2790 837 2857 sed
865 2792 962 2856 etiam
991 2790 1064 2856 aliis
1094 2791 1127 2856 in
1154 2792 1274 2875 linguis

140 2888 241 2954 variis
253 2889 452 2972 temporibus
463 2890 528 2954 late
543 2889 686 2971 patuisse
702 2895 837 2954 constat.
867 2889 951 2953 Nam
970 2888 1004 2953 in
1016 2888 1135 2971 linguis
1150 2908 1274 2971 germa-

141 2985 235 3067 niois,
259 2987 456 3067 sanseritiea,
473 2985 626 3067 umbrica,
642 2987 768 3069 persica
782 2985 981 3068 (praesertim
996 2991 1073 3050 ante
1087 2985 1272 3068 trientinae),

142 3084 300 3165 ossetiea,
328 3083 495 3150 hibernica
522 3089 632 3149 vetere
662 3082 868 3166 (praesertim
898 3081 983 3146 inter
1012 3080 1092 3147 duas
1118 3082 1271 3163 vocales),

142 3200 203 3247 neo
227 3180 332 3246 minus
355 3181 389 3245 in
411 3186 521 3246 vetere
535 3179 647 3261 lingua
661 3198 779 3262 graeea
801 3186 914 3244 tennes
927 3197 1036 3274 'saepe
1057 3177 1091 3241 in
1113 3180 1272 3264 aspiratae

140 3284 287 3344 mutatae
320 3283 404 3343 sunt.
459 3277 499 3342 In
530 3295 647 3359 graeca
680 3276 808 3358 quidem
843 3276 957 3358 lingua
991 3274 1144 3358 aspiratio
1181 3275 1272 3340 initio

141 3376 274 3460 saepius
296 3376 384 3440 sonis
406 3374 521 3440 vicinis
544 3375 667 3454 effecta,
691 3372 749 3441 sed
771 3373 875 3456 magis
889 3371 1055 3454 magisque
1069 3371 1273 3454 maximeque

112 3465 121 3539 J
140 3476 175 3539 in
199 3471 347 3538 dialeotis
367 3471 538 3537 increbuit.
582 3472 671 3536 Inter
692 3491 789 3536 sonos
810 3477 918 3535 autem
939 3469 1078 3551 vieinos,
1102 3468 1217 3551 quibus
1238 3469 1273 3533 in

140 3571 255 3653 lingua
276 3569 410 3653 antiqua
431 3569 587 3652 aspiratio
605 3570 720 3635 effecta
736 3574 793 3649 est,
819 3567 959 3631 maxime
982 3588 1004 3631 σ
1025 3565 1084 3630 fuit
1105 3565 1155 3642 (ef.
1173 3564 1273 3631 Curtii

140 3669 193 3735 El.
217 3689 249 3751 p.
274 3670 360 3748 456),
389 3667 479 3731 euius
499 3665 546 3731 rei
569 3667 719 3750 exempla
741 3670 815 3731 sunt
838 3669 1009 3750 σχέραφος
1032 3668 1064 3728 et
1088 3669 1272 3750 σκέραφος,

142 3762 315 3851 σφενδόνη
339 3783 360 3829 a
381 3762 450 3828 rad.
472 3763 581 3846 mund,
604 3763 680 3828 alie.
838 3762 845 3773 ⁸

229 3862 350 3929 Contra
364 3861 398 3925 in
412 3861 524 3943 lingua
538 3879 719 3943 neograeoa
745 3878 772 3926 e.
788 3879 819 3942 g.
834 3858 918 3922 stou
938 3856 1071 3928 efficitur
1093 3878 1135 3925 ex
1157 3855 1272 3944 σχολή,

141 3961 186 4027 de
207 3980 272 4043 qua
292 3958 470 4024 mutatione
502 3964 616 4041 postea
644 3957 750 4023 denuo
772 3956 866 4023 nobis
887 3956 1050 4039 agendum
1072 3955 1142 4022 erit'.
1186 3955 1274 4021 Ante
