2828 4776
487 348 519 403 ele
537 348 678 403 metathesi
695 364 800 418 graeca
1144 347 1200 409 121

111 520 163 590 md
186 526 338 604 quantum
364 519 407 584 ad
434 520 633 604 propositum
662 527 805 586 nestrum
837 520 1073 606 assequendum
1107 524 1204 589 eolla-

111 639 180 685 rum
202 618 252 701 sit,
275 624 375 700 patet.

162 716 323 798 Deineeps
345 721 462 796 autem,
488 721 523 779 ut
545 716 731 782 metathesis
753 715 859 782 ratio
882 715 1011 799 penitus
1034 735 1204 799 eognosca-

111 836 138 896 u,
161 833 286 895 semper
300 811 334 878 id
350 812 596 896 diligentissime
611 812 844 896 explorandum
860 818 919 896 est,
942 832 1013 880 eum
1027 812 1203 880 litterarum

111 911 157 976 uio
178 911 210 976 in
232 911 342 992 aliquo
364 912 522 976 vocabulo
544 917 684 976 mutatus
706 910 833 976 videtur
855 929 940 993 esse,
967 918 1057 976 utra
1077 912 1204 979 iorma

115 1008 338 1092 rimigenia‚
376 1015 468 1074 utra
504 1009 726 1074 metathesi
762 1008 915 1074 affeeta
950 1008 1013 1074 sit.
1058 1011 1107 1076 De
1142 1011 1205 1076 hae

111 1105 204 1174 uidem
226 1124 262 1171 re
283 1124 387 1188 pauea
407 1104 561 1172 addenda
582 1113 665 1172 sunt.

135 1198 137 1204 ’
166 1202 241 1270 Cum
264 1202 351 1269 enim
372 1221 431 1286 per
452 1221 487 1269 se
508 1210 680 1287 appareat,
706 1203 733 1269 si
756 1204 856 1288 ξίφος
879 1221 897 1269 e
920 1207 1059 1288 οκίφος,
1083 1202 1205 1288 κραδία

125 1300 237 1386 καρδία
260 1298 389 1384 prodiit,
412 1299 455 1366 ad
476 1301 664 1367 metathesis
685 1299 842 1366 rationem
866 1299 1122 1383 eognoseendam
1143 1302 1206 1368 hee

111 1416 149 1462 ‚un
176 1398 259 1466 idem
292 1397 401 1464 valere
433 1417 472 1464 ae
499 1399 525 1465 si
555 1403 679 1484 σκίφος
702 1416 720 1462 e
743 1398 858 1482 ξίφος,
894 1396 1017 1481 καρδία
1040 1417 1059 1463 e
1081 1397 1204 1482 κραδία

111 1493 264 1578 rediisset,
288 1495 402 1562 mirum
425 1503 561 1562 estnon
584 1496 687 1562 seium
709 1494 923 1577 Lobeehium,
947 1497 1006 1562 sed
1028 1495 1109 1561 aiios
1130 1516 1205 1579 quo-

111 1591 170 1670 us')
203 1592 346 1658 animum
382 1613 448 1658 non
485 1593 588 1677 magis
624 1612 662 1660 eo
699 1590 892 1675 attendisse,
930 1599 965 1658 ut
1000 1592 1034 1656 in
1071 1593 1205 1677 singuiis

111 1691 250 1773 uemplis,
288 1710 447 1772 quaenam
484 1691 660 1758 litterarum
698 1690 865 1756 eulioeatio
902 1690 1049 1773 primitus
1084 1690 1205 1773 inisset,

111 1783 279 1870 thagarent.
325 1787 418 1866 Quod
447 1790 592 1872 quamvis
623 1807 722 1872 saepe
754 1787 974 1853 difficillimum
1008 1789 1064 1871 sit,
1098 1796 1206 1855 tamen

111 1891 157 1947 mt
167 1883 334 1967 quaedam
356 1886 497 1952 rationes
520 1893 551 1952 et
578 1887 669 1969 viae,
699 1885 813 1967 quibus
841 1885 1031 1967 plerumque
1057 1885 1091 1950 id
1120 1886 1206 1968 quod

111 1975 225 2048 ’olumus
253 1982 382 2063 assequi
405 1989 437 2049 et
460 1984 503 2050 ad
523 1990 643 2050 reatum
667 1979 708 2047 de
729 1981 898 2048 metathesi
921 1980 1072 2046 iudieium
1095 2002 1206 2065 perve-

111 2073 155 2142 ire
173 2078 339 2163 pessimus.

167 2176 270 2258 Atque
291 2176 452 2244 interdum
474 2176 561 2242 hane
582 2175 625 2242 ad
647 2195 714 2242 rem
736 2172 808 2241 'iam
837 2175 883 2240 eis
912 2175 1094 2259 venabulis,
1124 2196 1206 2260 quae
1290 2169 1293 2175 ’

111 2271 169 2349 tpud
183 2275 270 2357 ipsos
286 2273 428 2342 Graecos
451 2282 588 2357 cognata
610 2281 746 2356 exstant,
770 2272 849 2338 satis
872 2272 1042 2356 habemus3
1066 2275 1205 2341 velutin

111 2362 269 2455 δίφρος-
294 2371 416 2460 δρίφος
438 2374 530 2452 (nist
557 2374 624 2455 12),
662 2391 733 2437 eum
766 2370 988 2452 antiquissima
1021 2371 1123 2438 forma
1156 2371 1208 2437 δι·
1241 2452 1245 2456 ι

111 2483 206 2551 δορα-ς
237 2468 335 2537 fuisse
365 2470 523 2536 rideatur.
578 2470 620 2535 Et
651 2469 722 2552 ipse
752 2468 937 2536 Lobeekius
970 2489 1002 2552 p.
1030 2473 1087 2533 501
1124 2470 1209 2537 hene

111 2557 209 2647 ίόρμος
230 2603 273 2615 -
295 2565 425 2652 βρόμος
453 2587 523 2634 eum
552 2565 638 2649 βορά
661 2574 694 2633 et
715 2565 955 2650 sim.eentu1it;
978 2561 1064 2648 quod
1078 2565 1105 2632 si
1120 2574 1206 2633 reete

111 2660 160 2728 seit
193 2666 241 2740 (ei.
269 2668 361 2749 ξ4),
399 2666 433 2731 in
469 2662 598 2749 βρόμος
625 2690 647 2749 Ιρ
682 2664 852 2732 metathesi
889 2662 1099 2745 anticipatum
1136 2683 1207 2731 esse

111 2764 272 2836 tumendum
296 2771 353 2830 est.
398 2764 467 2850 Nee
489 2761 619 2829 difficile
640 2762 700 2828 fuit
721 2763 756 2827 iu
772 2762 858 2827 hom.
881 2758 1015 2845 ὁρατός,
1037 2765 1207 2846 τέτρατος,

111 2847 243 2940 fiesties,
266 2861 301 2926 iu
317 2860 466 2946 ἐ’πραὸον
483 2860 563 2942 sim„
587 2860 711 2926 tollatis
735 2857 857 2942 δαρτός
872 2893 914 2905 -
930 2858 1027 2943 δέρω,
1051 2863 1208 2944 τέτταρες

111 2962 309 3042 -τδταρτος,
334 2957 485 3043 ἔδαρθον
507 2993 550 3006 --
573 2957 746 3043 δἀρθανω,
771 2954 919 3041 ἔπαρδον
942 2991 985 3002 -
1006 2955 1123 3041 πέρδω
1145 2964 1205 3022 eet.

111 3045 171 3119 iem
204 3056 392 3124 metathesis
427 3076 528 3140 genus
564 3075 766 3139 aegrescere.
822 3052 873 3120 hd
910 3052 1066 3119 eiusmodi
1102 3060 1208 3118 autem

111 3154 304 3237 templorum
342 3153 527 3237 analogiam
563 3154 720 3219 rationem
757 3153 891 3219 aliorum
927 3149 1109 3235 perspicere
1144 3151 1209 3215 iam

111 3244 266 3318 ebethius
288 3252 400 3336 potuit,
424 3251 451 3318 si
473 3251 508 3316 id
530 3257 657 3317 seeutus
680 3253 804 3327 esseth.
1099 3273 1102 3280 ·

111 3408 388 3432 k...-

157 3518 177 3586 ³)
194 3522 226 3576 Ε.
245 3538 269 3590 g.
289 3521 451 3585 Kuhnius
471 3512 594 3574 ‘Ztschn’
613 3519 645 3583 V,
666 3522 732 3584 im,-
748 3535 807 3573 cum
832 3517 923 3587 κρίκος
945 3518 1059 3573 formam
1075 3495 1210 3570 'usitatam

111 3600 135 3642 ’Ὃ
145 3602 298 3672 antiquiore
307 3602 428 3666 haberet,
447 3599 600 3655 samiaeilis
618 3598 844 3667 pronuntiationis
863 3613 946 3652 causa
962 3597 990 3651 in
1007 3597 1098 3666 κίρκος
1106 3611 1211 3650 versam

111 3673 200 3737 stavit,
235 3683 294 3751 Qua
311 3683 339 3736 in
357 3697 387 3736 re
404 3682 444 3735 vir
463 3681 627 3736 clarissimus
645 3679 722 3734 valde
741 3679 846 3743 erravit,
865 3676 989 3745 quoniam
1007 3676 1098 3746 κίρκος
1115 3703 1148 3723 ==
1164 3677 1211 3730 iat.

111 3761 178 3817 ”cus
194 3763 252 3832 ipsa
269 3768 312 3818 est
329 3761 465 3831 antiquior
483 3761 578 3826 ferma,
596 3776 611 3815 e
629 3775 682 3829 qua
698 3765 789 3830 κρίκος
805 3758 912 3828 prodiit.
933 3757 973 3812 cf.
986 3756 1059 3812 infra
1071 3761 1095 3824 ς.
1106 3761 1130 3813 i.
1148 3773 1175 3811 n.
1184 3761 1209 3811 4.

156 3862 179 3927 ⁴)
194 3863 221 3918 Is
239 3868 338 3931 tamen,
356 3879 418 3918 eum
435 3861 603 3930 ίαέδραθον,
624 3859 811 3930 ἔκραδοκδρεο
828 3860 872 3914 vix
889 3859 922 3915 de
932 3878 948 3929 ρ
958 3859 1049 3914 littera
1061 3858 1211 3928 anticipata

111 3927 234 4011 [bitaret
252 3945 280 3999 in
298 3943 415 4017 ἔδρακον
434 3947 460 3998 et
478 3940 602 4014 ἔπραθον
620 3941 728 3999 aurietis
746 3957 858 4011 prorsus
877 3941 1007 3996 similibus
1025 3956 1080 3995 non
1097 3939 1210 3995 eundem
