2828 4776
240 386 303 450 298
755 389 858 443 Erman

240 563 384 639 formam,
408 581 504 644 quam
525 561 559 625 in
574 559 728 626 Herodoti
744 558 939 625 editionibus
957 559 1103 642 legimus,
1126 559 1161 624 in
1183 560 1283 638 titulis
1301 580 1357 624 non

240 677 409 743 apparere,
432 658 495 723 nisi
517 656 651 723 dimidio
673 657 740 724 lere
762 657 892 723 saeculo
914 665 987 739 post
1007 657 1094 723 illius
1116 662 1268 724 aetatem.

326 754 420 836 Quod
442 755 572 838 quidem
593 756 703 838 magni
726 761 775 820 cst
796 754 950 819 momenti
967 753 1223 821 inaestimanda
1236 755 1360 835 ratione,

241 873 324 938 quae
346 852 516 919 intercedit
538 852 621 919 inter
642 852 761 918 formas
774 851 976 918 Herodoteas
991 858 1024 918 et
1039 872 1105 934 eas,
1123 872 1206 935 quas
1221 851 1254 917 in
1269 852 1362 917 titulis

240 952 386 1035 legimus.
430 950 526 1015 Dicat
547 950 632 1015 onim
654 950 742 1032 quis,
771 948 815 1014 ad
837 949 1063 1032 explicandam
1086 950 1254 1032 utriusque
1275 949 1365 1016 fontis
1401 996 1404 1001 -

242 1047 476 1129 diversitatem,
513 1047 623 1113 titulos
653 1047 805 1114 exhibere
833 1047 1027 1130 depravatas
1054 1047 1177 1130 plebeii
1214 1049 1365 1115 sermonis

241 1146 369 1229 formas,
393 1144 590 1210 Herodotum
612 1152 723 1209 contra
744 1152 871 1210 veteres
892 1145 1063 1211 retinuisse
1084 1144 1215 1211 formas.

326 1245 377 1310 Ita
391 1242 532 1326 exempli
545 1241 650 1325 gratia
665 1241 795 1308 delendi
809 1247 920 1325 posset
934 1241 1043 1326 opinio
1058 1262 1178 1323 eorum,
1203 1242 1258 1326 qui
1274 1243 1366 1308 Hero·

241 1342 317 1408 doto
339 1342 478 1408 solutam
500 1339 633 1404 formam
657 1337 773 1405 ἐποίεε
792 1339 951 1422 tribuunt,
980 1359 1174 1422 quamquam
1197 1340 1265 1405 iam
1288 1339 1365 1404 tituli

239 1438 449 1507 vetustissimi
467 1443 664 1503 contimtum
687 1436 841 1503 exhibent
855 1434 996 1502 ἕποίειν.
1041 1438 1092 1502 lla
1107 1444 1216 1503 autem
1231 1456 1317 1519 quae
1337 1439 1365 1502 in

240 1538 398 1604 vocabulo
414 1533 505 1618 ἱερός
521 1541 657 1617 apparet
671 1534 846 1619 scripturae
862 1533 1080 1618 discrepantia
1100 1536 1217 1618 parum
1232 1534 1366 1616 quadrat

240 1635 283 1702 ad
318 1637 410 1701 illam
446 1630 640 1714 opinionem.
690 1631 725 1697 Si
762 1633 848 1698 enim
876 1631 964 1715 apud
997 1632 1197 1698 Herodotum
1233 1632 1366 1697 formam

242 1739 438 1799 contractam
461 1726 535 1810 ἱρός
558 1730 763 1812 restituimus,
790 1730 889 1796 habet
909 1730 968 1794 ille
988 1730 1123 1796 formam
1145 1729 1366 1813 depravatam,

242 1849 313 1895 curn
335 1836 427 1897 vetus
448 1828 550 1896 forma
571 1850 636 1896 non
659 1829 761 1894 solum
783 1828 817 1892 in
839 1827 986 1894 eiusdem
1008 1827 1125 1894 aetatis
1146 1827 1251 1893 titulis
1274 1846 1369 1910 appa·

241 1934 319 2009 reat,
342 1945 453 1993 verum
476 1928 573 1993 etiam
594 1928 628 1992 in
650 1927 838 1992 recentiore.

620 2220 638 2293 ᾗ
664 2219 713 2279 15.
758 2214 817 2279 ΒΕ
839 2211 987 2278 HIATU.

327 2399 501 2482 Postquam
530 2400 571 2467 de
599 2401 726 2484 legibus
755 2399 1006 2483 disputavimus,
1041 2416 1121 2479 quas
1149 2397 1312 2467 dialectos
1339 2402 1367 2465 in

241 2496 374 2561 vitando
396 2504 452 2562 aut
474 2496 634 2563 servando
655 2497 807 2564 interiore
828 2497 987 2563 vocalium
1003 2513 1160 2560 concursu
1175 2497 1367 2577 observavit,

241 2594 307 2658 iam
328 2592 511 2676 videamus,
541 2595 596 2660 ubi
624 2595 783 2661 recentior
804 2595 858 2660 las
880 2593 1003 2659 hiatum
1025 2593 1229 2675 toleraverit,
1261 2596 1317 2660 ubi
1340 2604 1368 2661 ct

217 2698 220 2704 '
242 2690 402 2773 quomodo
424 2709 497 2757 eum
519 2693 691 2759 sustulerit.

662 2868 689 2927 1.
732 2863 786 2926 De
807 2863 944 2924 clericae.

328 2995 507 3063 Bredovius
530 2991 567 3078 (l.
589 2996 610 3060 l.
633 2997 765 3082 putot)
788 3018 854 3063 non
875 2995 971 3062 nimis
993 2995 1194 3079 frequentem
1217 2997 1252 3061 in
1274 2996 1364 3064 Hero

242 3094 339 3160 dotea
362 3094 506 3160 oratione
528 3093 627 3160 luisse
650 3095 793 3162 elisionis
815 3117 908 3162 usum
930 3093 1008 3159 inde
1024 3094 1198 3177 concludit,
1221 3099 1309 3180 qnod
1328 3115 1363 3162 ne

242 3212 338 3274 „eum
367 3190 497 3273 quidem
525 3192 659 3275 hiatum,
688 3212 783 3276 quem
809 3193 866 3259 alii
888 3193 1061 3276 scriptores
1083 3217 1100 3257 ν
1123 3191 1363 3280 ἐφελκυστικὸν

241 3287 414 3355 inserendo
438 3289 559 3355 evitare
581 3289 668 3356 soliti
683 3291 778 3373 sint“,
802 3289 972 3358 evitaverit
986 3296 1020 3355 et
1034 3291 1189 3372 „omnino
1210 3293 1362 3358 vocalium

241 3387 296 3452 vel
317 3385 439 3451 vocalis
462 3393 494 3453 et
515 3387 706 3471 diphthongi
729 3407 900 3454 concursus
913 3387 1044 3453 Ionicae
1065 3389 1206 3454 orationi
1223 3390 1363 3474 proprios

240 3482 434 3549 iudicandus
456 3483 530 3550 sit.“
575 3483 655 3550 Cum
675 3486 758 3550 illud
779 3485 1004 3568 granisdmum
1019 3503 1090 3551 esse
1119 3503 1263 3554 errorem
1285 3485 1362 3552 vide-

241 3581 360 3663 rimus,
389 3579 451 3646 hoc
477 3582 531 3647 vel
560 3583 700 3648 maxime
728 3583 762 3647 in
789 3582 906 3649 falsum
932 3581 973 3648 sit
994 3589 1139 3665 auctum,
1168 3584 1216 3648 nil
1245 3584 1360 3660 mirum,

242 3677 327 3760 quod
350 3677 448 3744 naid
471 3678 599 3760 quidem
620 3686 707 3746 recte
730 3699 765 3746 se
787 3682 895 3759 habet,
919 3681 1004 3766 quod
1026 3680 1102 3747 inde
1124 3681 1331 3747 concluditur.

327 3774 479 3840 Elisionis
501 3795 592 3842 usum
615 3780 701 3860 apud
723 3777 821 3845 Ionas
850 3780 940 3845 nullo
964 3778 1061 3845 modo
1087 3777 1243 3846 rariorem
1272 3779 1359 3845 fuisse

243 3872 412 3954 contendo,
435 3891 531 3955 quam
552 3874 585 3938 in
608 3875 714 3940 soluta
735 3877 880 3943 oratione
902 3879 1008 3944 attica.
1053 3879 1258 3961 Quamquam
1285 3877 1358 3944 enirn

243 3989 309 4034 non
331 3989 402 4035 raro
424 3971 568 4052 vocales,
598 3991 681 4054 quae
702 3973 736 4038 in
757 3975 1018 4057 pronuntiatione
1039 3976 1118 4043 elidi
1141 3978 1304 4058 solebant,
1329 3974 1357 4038 iu
