2828 4776
228 114 287 175 144
660 184 663 189 ,
707 113 877 184 Siegismund

224 289 288 354 lus
309 292 441 353 servata
462 291 504 361 (u.
527 284 613 351 Ourt.
629 288 714 368 210),
735 285 824 352 uude
845 287 942 354 etiam
963 286 1032 352 rad.
1055 284 1249 354 secundaria
1269 295 1387 370 tro-p

223 387 259 451 in
281 405 340 451 scr.
357 385 496 470 trop-oti,
518 385 576 449 lat.
599 385 753 469 trop-idus
775 392 835 452 cet.
858 391 901 465 (v.
917 386 1009 452 Fick.
1024 404 1056 469 p.
1074 379 1155 468 82⁵
1167 385 1237 450 rad.
1250 383 1380 470 pto-k,

225 483 312 548 unde
334 502 380 564 gr.
403 480 603 567 πλήσσω33),
636 483 692 547 lat.
720 483 852 566 pioopo,
886 483 1001 548 lituan.
1030 479 1129 567 plubia
1150 483 1195 549 al.
1217 503 1247 547 v.
1269 480 1376 548 Cart.

227 584 305 662 260,
340 580 532 664 eprimaria
553 580 621 645 rad.
643 581 699 664 pot
721 582 841 664 (epol),
875 600 958 662 quae
986 581 1071 646 inest
1096 579 1132 644 in
1159 581 1217 645 lat.
1237 564 1375 664 pellere'

226 685 304 760 cet.;
326 677 395 744 rad.
410 677 496 762 loto-p
511 714 552 724 -
567 677 654 762 lale-p
677 678 710 742 in
732 697 778 761 gr.
795 678 938 756 κλέπτω,
960 680 1017 743 lat.
1033 680 1131 762 clepo,
1154 684 1220 760 got
1235 676 1362 760 btiflus,

227 795 322 858 quam
345 775 486 841 radicem
509 795 527 840 e
549 775 604 837 bul
624 775 669 845 (in
692 775 748 839 lat.
765 777 883 838 cel-cre
897 778 969 853 cet.)
994 775 1121 840 ductam
1143 793 1216 841 esse
1231 773 1362 839 Curtius

226 894 258 957 p.
282 878 320 939 61
346 873 429 938 vidit
451 909 492 923 -
514 873 625 949 cet.³⁸).

312 971 412 1036 Multo
434 978 541 1038 autem
563 972 673 1056 plures
699 972 828 1036 illarum
860 969 1004 1035 radicum
1036 969 1197 1054 separatis
1230 970 1358 1036 demum

226 1066 346 1150 linguis
373 1070 544 1136 metathesi
571 1070 759 1136 immutatae
787 1075 875 1147 sunt,
909 1069 998 1133 velut
1025 1066 1095 1132 rad.
1126 1072 1221 1129 *tarr
1240 1068 1274 1132 in
1294 1084 1357 1133 scr.

227 1171 354 1228 bos-oti
375 1185 421 1248 gr.
444 1171 562 1251 τρέ-ω;
593 1168 679 1250 quod
712 1168 798 1234 enim
832 1186 930 1250 supra
963 1164 1003 1231 de
1036 1165 1087 1231 bis
1121 1163 1261 1231 diximus
1291 1166 1356 1230 iam

227 1261 431 1327 confirmatur
453 1283 507 1340 ec,
533 1266 619 1348 quod
640 1267 698 1330 illa
720 1265 813 1331 radix
834 1262 922 1329 haud
946 1263 1043 1329 dubie
1064 1282 1130 1327 una
1153 1281 1225 1326 cum
1246 1262 1357 1328 radici·

225 1359 286 1425 bus
301 1369 404 1433 tro-m,
429 1371 513 1446 tro-p
536 1362 578 1428 ad
601 1362 737 1429 eandem
753 1362 939 1446 primariam
960 1361 1103 1426 radicem
1126 1369 1180 1421 tur
1199 1360 1291 1439 redit,
1311 1357 1355 1426 ad

227 1477 323 1540 quam
346 1459 443 1523 etiam
466 1459 559 1524 radix
581 1460 666 1522 tur-lc
695 1462 740 1532 (in
762 1461 819 1525 lat.
843 1469 989 1542 torqueo,
1024 1478 1070 1541 gr.
1093 1463 1210 1542 τρέπω
1233 1468 1300 1542 cet,
1320 1476 1354 1520 v.

227 1558 247 1635 ξ
268 1560 290 1620 4
311 1578 343 1621 ιι.
367 1560 419 1635 20)
440 1558 626 1623 revocanda
648 1560 746 1635 esti).

313 1653 416 1732 Quam
439 1655 653 1720 necessarium
676 1648 717 1722 sit
732 1674 859 1739 semper
873 1655 971 1719 etiam
986 1653 1048 1718 hoc
1062 1672 1229 1735 quaerere,
1251 1660 1353 1719 utrum

226 1751 320 1817 radix
341 1752 494 1836 primaria
521 1758 576 1816 an
593 1753 785 1819 secundaria
812 1753 909 1817 alicui
940 1751 1097 1817 vocabulo
1131 1750 1276 1822 subiecta
1304 1751 1353 1828 sit,

225 1849 323 1914 valde
345 1850 547 1934 perspicuum
571 1858 619 1916 est
641 1851 676 1915 in
698 1848 910 1936 καρπάλιμος
934 1849 1060 1914 collatis
1089 1846 1258 1932 κραιπνὸς
1288 1856 1353 1932 (pro

226 1952 473 2032 *apert-cuo·<3)‚
498 1955 562 2030 got.
585 1948 701 2027 bluopc
724 1949 771 2012 lit.
795 1947 907 2032 bryptc'
926 1954 985 2012 cet.
1010 1952 1052 2018 (u.
1075 1945 1160 2010 inira
1175 1948 1195 2025 ξ
1211 1951 1232 2009 4
1246 1967 1278 2011 ιι.
1295 1951 1353 2019 14).

227 2043 307 2110 Cum
340 2045 425 2110 enim
460 2044 529 2110 rad.
559 2050 638 2130 dorp
662 2082 705 2092 -
725 2045 806 2130 lercp
830 2044 939 2129 (drap,
970 2043 1054 2128 bap)
1091 2042 1135 2108 ad
1171 2044 1353 2127 primariam

226 2143 294 2208 rad.
318 2142 401 2205 *leur
424 2143 468 2220 (in
491 2144 547 2207 lat.
563 2165 713 2213 cur-rere,
737 2163 796 2209 scr.
812 2141 1030 2224 liurt‘redeat,
1054 2141 1119 2206 iam
1142 2142 1213 2207 sine
1236 2142 1354 2207 dubitu-

227 2240 315 2306 tione
347 2247 524 2306 statuemus
556 2241 590 2306 in
623 2262 688 2306 una
722 2241 824 2307 forma
858 2237 1072 2323 καρπάλιμος
1104 2239 1275 2327 pristinum
1305 2239 1353 2303 lit·
1396 2231 1399 2238 ’

228 2345 366 2403 terarum
384 2338 548 2403 ordinem
585 2346 761 2421 servatum,
799 2340 834 2403 in
870 2338 984 2404 ceteris
1022 2336 1170 2402 omnibus
1202 2337 1353 2421 liquidam

228 2435 437 2518 anticipatum
460 2456 540 2502 esse.

313 2532 383 2598 Hac
404 2534 501 2616 igitur
522 2535 646 2600 ratione
669 2534 872 2618 saepissime,
895 2552 966 2597 cum
990 2531 1127 2597 eandem
1157 2530 1353 2621 metathesim

228 2650 288 2696 usu
309 2631 439 2697 venisse
461 2631 533 2698 aliis
556 2632 597 2698 de
619 2634 724 2698 causis
746 2630 988 2716 suspicabimur,
1011 2629 1046 2694 id
1068 2628 1214 2694 radicum
1236 2628 1370 2710 origiue·

231 2729 359 2811 cognita
374 2727 499 2796 firmare
515 2731 697 2813 poterimus,
720 2731 858 2796 velutin
880 2733 1017 2814 κρέκ-ω,
1043 2731 1187 2812 κρίκ-ος,
1211 2722 1352 2808 apoc-ie,

298 2914 330 2978 33)
350 2913 427 2982 Quod
453 2913 480 2966 in
506 2914 641 2982 plerisque
668 2913 748 2967 huius
772 2914 847 2968 verbi
870 2911 964 2967 formis
983 2939 1016 2949 -·
1034 2912 1199 2964 nontamen
1215 2910 1244 2964 in
1261 2903 1355 2964 acroi·

227 2992 346 3062 πλὰγ-ην
357 3001 384 3047 et
396 2995 453 3048 sim.
463 3025 496 3034 —-
505 2994 638 3063 producta
650 2995 751 3048 vocalis
761 2999 809 3060 est,
828 3010 882 3048 non
900 2992 984 3061 magis
1002 2989 1037 3044 ad
1051 2989 1222 3044 metathesim
1235 2989 1353 3059 pertinet,

228 3090 309 3144 quam
327 3075 487 3143 interposita
504 3076 604 3129 naualis
622 3075 650 3128 in
668 3076 714 3128 lat.
727 3074 834 3146 plurcqo
853 3074 911 3128 sim.
946 3072 1029 3126 Vides
1048 3071 1118 3128 enim
1136 3085 1244 3140 semper
1260 3072 1286 3124 in
1302 3068 1351 3122 hoc

227 3170 323 3223 genere
341 3156 459 3210 vocalem
479 3161 630 3223 correptam
649 3155 759 3209 servari.
1256 3149 1259 3154 ’

297 3236 329 3299 33)
349 3235 420 3304 Quin
437 3236 464 3289 in
484 3235 614 3290 eiusmodi
630 3235 766 3291 radicibus
784 3236 887 3290 formae
905 3233 933 3286 in
950 3233 1079 3303 liquidam
1096 3227 1355 3300 terminataeprimi·

229 3317 299 3371 tivae
326 3316 392 3384 sint,
418 3316 536 3372 dubitari
559 3316 667 3371 omnino
686 3315 785 3385 nequit.
822 3315 938 3369 Prorsus
962 3312 1175 3383 improbabiliter
1193 3328 1216 3367 e.
1235 3329 1260 3381 g.
1278 3311 1358 3366 Oors‘

229 3411 309 3452 senus
327 3397 361 3461 ll,
382 3402 431 3464 384
454 3397 571 3451 radicem
597 3397 644 3452 bal
666 3397 692 3450 in
717 3397 762 3450 lat.
782 3396 887 3452 bol-are
905 3394 1130 3450 transmutatione
1148 3407 1182 3446 ex
1200 3394 1245 3449 blo
1263 3394 1297 3455 tin
1310 3401 1355 3458 gr·

229 3476 324 3546 βλη-χή
343 3481 404 3543 cet.)
423 3481 510 3531 ortam
521 3493 580 3531 esse
594 3477 761 3531 dicit-De
779 3475 899 3530 radicum
918 3473 1157 3528 ‘determinatione'
1176 3490 1262 3543 nuper
1278 3472 1356 3526 docte

227 3557 336 3611 —licet
354 3558 382 3612 in
402 3557 560 3626 quibusdam
577 3558 665 3612 minus
684 3557 858 3627 probabiliter
870 3555 1026 3610 —Fickius
1045 3554 1105 3622 egit.
1122 3555 1175 3608 lex.
1194 3571 1219 3622 p.
1239 3557 1284 3609 968
1295 3565 1353 3618 sqq·

299 3638 332 3702 33)
350 3639 391 3693 De
415 3638 553 3692 radicibus
580 3637 760 3702 secundariis,
788 3651 856 3705 quae
874 3635 909 3689 ad
927 3635 1081 3705 primariam
1099 3635 1156 3690 rad.
1177 3632 1354 3690 torrescunt,

227 3717 265 3772 cf.
285 3718 358 3772 Cart.
378 3718 422 3771 Et.
442 3735 468 3786 p.
488 3723 546 3781 210,
566 3719 629 3772 ‘Zur
648 3717 774 3772 Clrrouol.
796 3716 819 3770 d.
838 3716 927 3784 indog,
948 3715 1075 3785 sprachf.'
1094 3732 1121 3784 p.
1141 3719 1200 3770 209.
