2828 4776
476 379 509 433 de
527 380 670 434 metathesi
687 395 794 448 graeca.
1128 380 1190 444 213

62 548 260 636 ῥαθ-άσσω,
285 548 493 638 aad-dara}
515 558 584 634 cet,
608 552 734 635 seiungi
756 571 851 637 posse
865 556 994 636 putem,
1017 556 1105 621 haud
1127 557 1193 622 scio

61 669 105 712 an
129 654 216 713 recte
238 648 369 714 Fickius
391 670 422 733 p.
448 653 486 714 16
509 650 559 716 his
589 651 721 716 seclusis
749 647 842 732 ἄρδω
876 659 908 718 et
940 647 1087 718 dtdatvor
1121 674 1193 719 cum

62 766 122 812 scr.
159 741 301 808 dodra-s
332 746 375 811 ad
408 746 545 813 eandem
579 748 734 831 originem
766 750 974 815 revocaverit.
1025 751 1193 830 Quaenam
1267 747 1270 753 ’

62 843 179 930 ῥαίνω,
203 841 387 928 <iad-douo
410 846 524 911 ceteris
545 844 638 910 radix
660 847 805 912 subiecta
826 846 877 930 sit,
899 846 934 911 id
955 868 1034 914 sane
1049 849 1193 915 nondum

60 947 265 1025 perspectum
284 942 451 1031 habemus,
474 963 545 1008 cum
567 943 685 1027 radicis
706 942 840 1016 *nordh
865 965 960 1026 quam
975 939 1194 1029 Legerlotzius

60 1041 130 1105 KZ.
164 1042 206 1122 X,
234 1044 295 1106 307
328 1041 449 1124 posuit,
487 1041 570 1106 alias
606 1042 729 1106 nullum
766 1043 936 1125 vestigium
972 1052 1192 1126 cognoscatur.

62 1139 190 1204 Tamen
222 1138 256 1203 in
286 1138 389 1225 ῥαίνω
413 1145 472 1204 cet.
509 1138 688 1204 litterarum
726 1139 951 1205 initialium
987 1142 1192 1209 metathesim

60 1235 183 1301 factam
206 1255 286 1316 esse,
310 1236 367 1318 eis,
391 1255 474 1318 quac
497 1237 599 1318 attuli,
623 1238 779 1320 reputatis
795 1237 892 1302 valde
908 1236 1038 1302 dubium
1054 1237 1209 1305 videtur.¹

149 1333 313 1400 Habemus
334 1335 432 1416 igitur
453 1340 508 1398 aut
529 1334 723 1416 paucissima
745 1341 801 1399 aut
828 1335 919 1400 nulla
947 1337 1097 1420 exempla
1125 1337 1203 1419 eius

59 1431 261 1514 metathesis,
285 1453 347 1514 qua
368 1431 493 1514 liquida
514 1432 565 1497 vel
589 1432 711 1497 nasalis
733 1434 843 1515 aliqua
864 1432 970 1497 vocali
987 1433 1022 1496 in
1044 1433 1193 1499 vocabuli

59 1530 155 1595 initio
178 1530 361 1595 collocatae·
376 1535 602 1613 praeponatur,
626 1530 711 1610 quod
733 1550 836 1614 genus
857 1522 890 1594 in
913 1530 1033 1613 linguis
1048 1531 1193 1614 cognatis
1219 1611 1224 1620 .

59 1648 129 1693 non
158 1627 287 1713 quidem
308 1628 375 1693 late
396 1635 524 1710 patere,
554 1625 611 1692 sed
634 1627 826 1708 quibusdam
849 1628 1122 1711 certisexemplis
1144 1627 1193 1692 fir-

60 1725 145 1816 mari
160 1725 309 1791 vidimus.
354 1724 474 1790 Contra
488 1724 570 1788 illud
585 1742 697 1807 genus,
719 1725 753 1790 in
776 1747 837 1808 quo
853 1726 975 1791 vocalis
989 1725 1192 1810 anticipatur,

58 1823 95 1887 in
118 1822 239 1905 linguis
265 1822 410 1906 cognatis
439 1821 693 1905 rarissimum⁹⁰),
726 1822 814 1906 apud
837 1823 977 1888 Graecos
1009 1830 1095 1889 certe
1128 1845 1193 1888 non

59 1918 242 1984 inauditum
265 1927 323 1987 est.
366 1920 411 1986 Ut
432 1939 508 1984 vero
530 1920 592 1984 hoc
620 1939 690 1984 cum
720 1940 758 1986 eo
786 1922 991 1987 constrictum
1024 1940 1094 1986 esse
1127 1921 1192 1986 iam

58 2016 254 2095 monuimus,
277 2017 363 2100 quod
386 2017 501 2083 Graeci
521 2017 555 2081 in
577 2017 752 2100 prothesim
774 2018 934 2084 vocalium
956 2018 1124 2094 inclinant,
1147 2018 1193 2082 ita

57 2114 178 2179 raritas
199 2115 332 2182 alterius
354 2114 482 2198 generis
499 2135 570 2179 cum
585 2113 660 2196 fuga
676 2114 814 2196 quadam
830 2114 1017 2197 aphaeresis
1032 2114 1193 2181 artissime

56 2213 224 2278 cohaeret.
269 2211 422 2278 Conferas
444 2207 515 2296 ἄρνε
537 2231 577 2276 ex
600 2212 695 2298 *ῥαπ
717 2219 820 2277 ortum
843 2205 919 2295 quot
933 2214 1053 2277 nitatur
1074 2212 1115 2276 ab
1131 2213 1193 2278 hac

56 2316 155 2393 parte
177 2308 336 2392 analogiis
356 2310 446 2376 'velut
468 2306 619 2393 ἄραβέω,
645 2305 812 2395 dicatae,
837 2308 955 2395 ἔρεβος
977 2311 1058 2392 sim,
1081 2316 1194 2375 contra

57 2406 103 2472 ad
129 2404 282 2489 λαπαρός
303 2443 346 2452 -
368 2407 394 2473 si
417 2406 451 2471 id
472 2427 513 2473 ex
535 2404 631 2470 *dira
653 2414 755 2472 ortum
778 2427 849 2473 esse
871 2407 1066 2474 credendum
1089 2414 1193 2473 est—

58 2524 160 2587 quam
183 2525 286 2587 pauca
308 2504 431 2570 habeas
453 2505 541 2570 velut
563 2509 687 2589 νέρθεν
710 2526 767 2589 pro
790 2502 931 2587 ἔνερθεν
954 2506 1023 2571 sim.

524 2711 727 2722 ———.

61 2841 95 2906 C.
144 2841 198 2906 De
219 2843 407 2928 liquidorum
432 2854 464 2905 et
490 2846 641 2906 nasutium
670 2864 736 2906 cum
771 2847 913 2908 consonis
945 2846 1190 2907 commutatione.

581 3033 600 3109 ἐ
626 3035 674 3095 12.

153 3153 180 3210 1.
203 3148 253 3212 De
276 3147 415 3230 liquidis.

149 3243 241 3323 Quae
258 3245 318 3309 huc
333 3245 503 3329 pertinent,
526 3253 560 3311 ut
575 3266 673 3330 supra
696 3249 725 3321 (t
742 3247 772 3320 2)
794 3244 860 3308 iam
874 3245 992 3326 monui,
1015 3245 1193 3328 singularia

58 3348 137 3407 sunt
160 3348 192 3406 et
213 3343 400 3425 plerumque
424 3342 471 3407 ita
498 3349 701 3426 comparata,
737 3347 772 3405 ut
804 3342 913 3406 allatis
945 3341 1109 3433 exemplis
1136 3343 1192 3406 vix

58 3439 238 3522 quidquam
253 3438 457 3505 adiciendum
472 3441 679 3523 relinquatur.
717 3439 823 3517 Quare
839 3439 880 3504 dc
901 3439 952 3504 his
974 3440 1125 3504 lectorem
1148 3437 1192 3503 ad

57 3537 220 3604 Lobeckii
242 3537 500 3603 dissertationem
529 3544 567 3615 (c.
590 3539 623 3603 Il
646 3546 664 3613 t
688 3541 720 3614 2)
742 3536 875 3618 relego.¹
918 3534 984 3601 Sed
1016 3535 1097 3599 haec
1125 3535 1192 3601 lere
1250 3614 1253 3622 ¹

58 3635 142 3700 mihi
164 3633 319 3701 addenda
339 3634 489 3701 videntur
511 3656 590 3703 esse.

131 3818 165 3885 ⁰⁰)
182 3818 253 3873 Novi
271 3819 393 3888 equidem
410 3833 499 3887 pauca
516 3817 701 3872 tantummodo
729 3817 851 3885 exempla
875 3787 902 3870 e*
913 3815 1108 3870 recentioribus
1133 3815 1191 3870 dia-

55 3899 147 3967 lectis,
169 3899 203 3953 cf.
223 3899 311 3956 Diezii
329 3903 445 3969 ‘gramm
465 3898 491 3953 d.
509 3914 575 3953 rom.
595 3899 660 3967 spr.'
678 3899 691 3950 1
708 3915 734 3967 p.
754 3901 812 3951 208.
851 3894 972 3951 oriundo
989 3911 1038 3964 pro
1056 3896 1192 3964 Rodando,

55 3982 173 4052 orliqua
190 3994 242 4050 pro
260 3980 367 4050 reliqua
385 3979 442 4033 sim.
528 4014 530 4019 ,
