2828 4776
455 355 488 411 de
505 356 647 412 metathesi
664 370 770 426 graeca.
1109 354 1169 416 147

53 528 136 595 send.
158 549 232 612 pora
253 528 311 592 lat.
334 527 511 590 cera-trum
533 535 593 595 cet.
617 526 703 593 Ourt.
726 549 757 611 p.
782 531 852 603 136)
876 524 1055 595 derivatum
1079 528 1172 606 siti).

56 626 165 693 sodon
201 624 341 710 pertinet
373 628 526 710 κρανίον,
563 625 648 708 quod
681 626 814 691 Fickius
844 647 876 710 p.
906 630 968 691 348
1001 645 1073 691 cum
1105 633 1170 710 got.

62 724 197 795 looiruci,
215 721 340 798 theod.
369 721 456 784 timu·
483 721 526 788 ad
555 743 666 808 europ.
700 721 839 806 *tomjo
863 723 1043 807 revocavit3
1065 744 1086 789 a
1108 743 1171 806 qno

65 822 141 886 etiam
169 820 302 905 propius
330 821 423 887 abest
451 839 584 898 αααοκαα
610 821 802 886 vocabulum
824 841 845 885 a
867 821 991 903 Boggia
1015 816 1169 886 ‘Studien’

64 917 105 1000 ll,
133 924 192 984 342
229 936 248 984 e
284 923 324 1001 st.
361 914 480 979 *αανοα
518 924 638 1001 caput
675 917 814 983 ductum.
872 921 997 984 Tamen
1033 916 1170 984 fortasse

67 1020 190 1098 κρανίον,
231 998 338 1098 κράναν
382 1012 524 1101 (κεφαλή
562 1017 647 1099 expl.
685 1015 855 1100 Hesych.)‚
895 1013 999 1101 κρήνη
1039 1020 1171 1098 (caput

10 1145 36 1185 ·‚⁴
66 1112 170 1189 iontis
191 1133 222 1178 v.
246 1112 332 1179 Curt.
356 1112 378 1177 l.
400 1113 435 1185 l.)
458 1112 528 1177 sim.
551 1113 594 1178 ad
617 1114 748 1196 stirpem
772 1117 936 1198 καρ-αῐνο,
959 1131 1043 1194 quae
1065 1114 1170 1178 estin

65 1209 199 1295 καρανός,
229 1207 391 1297 κάρηναν,
425 1207 595 1275 referenda
617 1215 706 1292 sunt,
740 1210 779 1274 cf.
802 1207 1013 1296 ἆμφίκραῖνος
1035 1210 1170 1294 OEump.)

13 1338 26 1393 ς.
64 1304 342 1395 εᾶμφικάρηνος
376 1305 556 1387 (Nicand.l,
594 1305 807 1392 πρόσκράνον
843 1308 1053 1390 pulvinus,
1093 1305 1170 1373 ἐπί·

65 1409 159 1490 κράναν
195 1406 283 1488 sim.;
319 1411 386 1469 tum
423 1409 531 1469 autem
567 1424 632 1469 non
675 1405 878 1486 metathesis,
925 1404 983 1471 sed
1026 1423 1171 1490 syncope

65 1503 212 1569 statuenda
233 1509 291 1569 est.
336 1496 460 1567 Eadem
482 1520 558 1567 vero
582 1500 737 1568 dubitatio
759 1500 792 1567 iu
815 1502 888 1568 aliis
911 1522 1037 1585 quoque
1059 1501 1170 1569 formis
1228 1556 1230 1563 .

10 1630 19 1671 Ξ
65 1606 125 1666 ast.
145 1624 206 1684 καρ
236 1599 391 1666 derivatis
420 1601 562 1664 occurrit.
608 1599 662 1665 Sic
691 1606 940 1687 κατακρῆ-θεν
964 1606 1015 1676 (Π
1034 1603 1108 1677 548)
1137 1607 1170 1666 et

10 1732 14 1766 r
65 1694 245 1782 κρή-ὁεμναν
268 1698 417 1781 quamvis
436 1696 479 1763 ad
502 1698 605 1782 ipsam
628 1698 761 1781 stirpem
784 1721 845 1785 καρ
866 1699 971 1766 redire
986 1699 1168 1783 suspicatus

10 1822 18 1864 ς
65 1789 103 1873 sis,
121 1799 225 1860 tamen
247 1820 329 1881 κρη-
351 1795 449 1861 etiam
470 1815 528 1878 pro
552 1817 638 1878 καρα
660 1831 702 1840 -
726 1817 811 1881 capp
838 1814 910 1862 esse
931 1804 1055 1880 potest,
1085 1815 1168 1878 quae
1269 1813 1273 1824 ·

65 1888 136 1972 stirps
157 1911 175 1958 e
196 1892 395 1958 nominativo
417 1889 502 1977 κάρη
528 1898 578 1965 (st.
602 1895 720 1977 καρητ)
745 1890 884 1958 deducta
911 1894 1105 1976 conspicitur
1133 1892 1167 1955 in

10 1994 17 2057 j
65 2002 163 2094 cumpp.
187 1986 407 2074 καρα-τόμος,
430 1987 656 2072 napo-(leaena,
678 1989 711 2053 in
727 1989 800 2055 fem.
824 1987 909 2076 κάρη
934 1993 1019 2075 (gen.
1039 1989 1167 2076 κάρρς).

32 2167 36 2176 Ι
64 2086 214 2168 lico-ouon
237 2093 269 2153 et
291 2106 362 2152 cum
384 2084 524 2152 Mistelio
549 2086 627 2160 (KZ.
651 2087 744 2168 XIX,
768 2089 822 2162 93)
845 2106 863 2152 e
885 2085 1114 2171 *καρ-ααα-ας
1133 2094 1168 2152 et

17 2270 20 2275 ‚
64 2200 116 2249 uun
134 2187 315 2268 Brugmano
338 2183 504 2261 l‘Studien'
527 2184 582 2267 IV,
610 2187 685 2265 152,
720 2184 774 2248 ubi
808 2184 849 2251 de
877 2183 1033 2268 producta
1062 2182 1166 2249 vocali

10 2316 17 2365 '.
63 2282 153 2364 spur)
190 2302 209 2350 e
245 2279 497 2367 *καρα-νααος
529 2278 830 2365 (Harpen-fucos,
868 2302 898 2346 v.
930 2280 1045 2361 infra),
1081 2278 1169 2346 unde

10 2390 17 2441 vi
65 2380 207 2467 καρήατος
230 2387 290 2446 eto.
312 2380 511 2464 prodierunt,
535 2379 651 2444 ducere
673 2377 758 2444 licet.
801 2378 949 2461 Denique
972 2376 1092 2462 κρατός
1107 2384 1168 2444 etc.

10 2503 14 2544 :
65 2488 174 2545 euentu
194 2480 227 2542 in
251 2476 365 2543 ultima
386 2478 490 2562 posito
513 2476 556 2542 ad
579 2475 710 2559 stirpem
740 2481 865 2562 *cap-v
884 2476 939 2555 (t),
963 2482 1074 2542 contra
1096 2496 1168 2560 pro·

10 2600 16 2639 ε
64 2569 136 2643 lucta
162 2574 268 2642 vocali
290 2610 330 2621 -
354 2575 393 2642 ct.
417 2576 514 2641 etiam
536 2581 703 2640 accentum
724 2574 759 2639 in
782 2573 913 2659 apotamo
935 2574 1038 2640 forma
1060 2572 1168 2639 —ad

64 2669 184 2750 κράατος
206 2678 266 2738 etc.
289 2673 461 2757 pertinent.
478 2673 653 2739 -Variae
673 2691 756 2755 quae
778 2673 840 2738 huc
862 2673 1024 2757 pertinent
1045 2669 1168 2737 formae

15 2802 18 2807 ·
63 2764 161 2837 nias
181 2769 298 2854 stirpes
317 2769 467 2836 redeunt:
495 2776 521 2835 1.
546 2795 619 2854 καρ.
657 2773 686 2833 2.
708 2793 861 2853 καρ-ανα.
899 2774 929 2834 3.
952 2792 1098 2855 cuo-scr
1120 2769 1166 2841 (in

61 2877 115 2940 gen.
128 2866 281 2955 κάρητος,
305 2888 389 2933 nom.
412 2866 495 2953 κάρη
512 2871 597 2944 cet).
632 2873 661 2931 4.
683 2868 758 2934 iem.
781 2867 867 2951 καρα
891 2869 941 2938 (ci.
965 2886 1048 2950 quae
1070 2886 1168 2950 supra
1204 2883 1217 2905 ⁶

10 2995 15 3021 ·.
62 2955 91 3024 de
106 2965 160 3032 hac
181 2974 221 3032 st.
243 2964 405 3040 diximus).
449 2970 478 3030 5.
508 2985 776 3048 auo-ap=sc1·.
805 2967 906 3049 pir-us
933 2964 979 3048 (in
1010 2963 1075 3030 dat.
1104 2971 1165 3028 ntr.

10 3082 20 3151 s
61 3055 140 3149 κάρᾳ,
176 3065 220 3148 pl.
258 3061 369 3147 rupa).
409 3067 438 3128 6.
472 3086 689 3149 καρ-ασ-ναα.
729 3067 757 3126 7.
790 3082 866 3129 msc.
900 3068 981 3143 κραῑα
1017 3062 1167 3145 (stirpse

10 3162 16 3227 Ξ
61 3160 157 3239 κρατός
178 3162 250 3228 sim.
272 3160 419 3243 deducta,
442 3161 476 3225 in
499 3180 564 3226 acc.
587 3179 634 3243 sg.
658 3165 774 3244 κρᾶτα,
797 3181 882 3225 nom.
906 3157 1052 3243 κράς)“).

60 3300 339 3325 N..—

112 3395 140 3461 43)
156 3395 269 3452 Fickius
280 3412 307 3465 p.
321 3399 353 3450 36
370 3394 469 3465 κράνος
481 3397 509 3449 et
518 3391 633 3464 κρανίον
647 3409 707 3448 cum
719 3395 814 3462 κέρνος
831 3393 967 3463 patina,
985 3408 1036 3447 scr.
1055 3390 1164 3446 lcaralca

58 3475 126 3527 urna
146 3483 195 3530 cet.
221 3476 385 3544 composuit,
413 3474 486 3543 quod
509 3490 590 3544 quam
613 3478 718 3529 rectum
736 3475 843 3530 sitnon
862 3473 988 3528 diiudico.
1023 3472 1114 3526 Etiam
1131 3471 1166 3527 de

58 3547 130 3608 radice
147 3556 248 3622 dubito,
267 3573 329 3611 cum
343 3556 454 3610 Curtius
472 3572 498 3624 p.
517 3559 564 3607 138
583 3554 651 3608 benc
670 3554 694 3608 ei
713 3554 867 3609 duritiae
884 3554 1020 3609 notionem
1038 3552 1165 3606 tribuerit

57 3624 82 3682 ll·
96 3647 119 3685 n.
136 3640 173 3704 2),
196 3637 374 3706 probabiliter
391 3635 526 3705 Benfeyns
543 3634 580 3698 ΙΙ,
600 3637 647 3687 287
666 3634 735 3689 baec
752 3635 885 3689 vocabula
903 3633 938 3687 ad
955 3631 1008 3686 lcor
1027 3647 1165 3687 curvum

57 3713 118 3839 Ἕνα
139 3719 169 3781 (ν.
188 3734 214 3771 n.
232 3723 260 3784 4)
276 3716 450 3773 revocaverit.
497 3715 589 3769 Minus
621 3720 696 3769 recte
725 3714 876 3769 Corssenus
901 3713 923 3776 Ι,
951 3717 1001 3765 342
1029 3709 1165 3768 iudicasse

56 3793 76 3834 il
91 3795 150 3848 etur.
1063 3805 1067 3811 ’

110 3874 139 3935 “l
157 3877 223 3932 Gen.
245 3875 330 3945 κάρης
355 3877 457 3932 Gallim
476 3877 510 3930 ir.
532 3880 588 3929 125.
617 3875 722 3930 Mosch.
742 3879 825 3939 4,·14.
861 3874 925 3928 Dat.
945 3878 998 3929 ntr.
1016 3872 1087 3946 κάρᾳ
1105 3879 1169 3928 saa·

54 3939 104 4004 lili
127 3959 195 4026 apud
220 3958 339 4028 tragicos
364 3957 477 4026 legitur,
503 3958 540 4025 pl.
565 3956 636 4027 κάρα
659 3956 685 4008 h.
708 3955 737 4009 in
755 3955 814 4012 Ger.
837 3959 864 4009 12
883 3955 918 4010 al.
936 3955 964 4009 ll.
999 3954 1077 4009 Nom.
1096 3952 1164 4024 αράα

907 4045 915 4078 1
922 4045 937 4078 n
944 4042 959 4074 *
