2828 4776
150 357 209 432 172
356 317 358 322 V
626 360 794 429 Siegismund

147 558 178 601 m
204 539 267 615 72),
297 531 436 617 δ’μορτεν
459 552 500 597 ex
521 530 645 617 μορτός
667 531 758 614 (1.11.
781 534 851 615 46);
875 532 950 597 hine
972 533 1071 598 etiam
1093 529 1243 614 ἆβροτὰζω

147 635 289 713 verbum,
313 623 369 696 ubi'
389 655 413 708 μ
434 631 469 694 in
490 633 513 712 β
535 648 662 694 vamum
684 630 876 712 conspicitur
899 628 1141 712 (ἀβροτάξομεν
1157 630 1246 712 1165).

231 731 360 795 Ionicae
389 728 527 794 dialecto
555 726 635 792 haec
657 747 798 809 quoque,
830 747 913 809 quae
934 735 1094 810 secuntur,
1118 729 1247 811 exempla

146 827 276 910 propria
297 825 395 891 fuisse
416 823 574 911 videntur.

233 925 282 988 83.
306 921 439 1008 κραδίη.
482 921 665 1003 Antiquior
681 921 783 988 torma
806 921 926 1009 καρδίη
952 922 1002 1001 (cf.
1026 922 1068 991 de
1089 922 1249 998 radice§l

146 1041 177 1087 n.
197 1019 266 1102 Ι12),
295 1040 390 1103 quam
419 1026 515 1102 poeta
542 1019 606 1084 nisi
633 1028 781 1103 correpta
809 1020 921 1085 ultima
949 1021 1105 1087 adbibere
1128 1042 1189 1086 non
1209 1041 1251 1103 po-

145 1118 221 1199 tuit,
249 1118 283 1183 in
310 1116 374 1182 uno
397 1123 520 1181 tantum
543 1135 638 1182 versu
660 1151 701 1203 f—
724 1116 863 1204 καρδίῃ,
887 1113 1049 1204 ἄλληκτον
1072 1117 1252 1200 πολεμίζειν

146 1212 207 1301 ἠδὲ
230 1213 405 1296 μάχεσθαι
420 1220 621 1282 -servatur
643 1218 679 1278 Bv
697 1218 769 1297 542,
792 1223 831 1280 A
856 1220 905 1298 12,
927 1216 959 1286 Ξ
982 1219 1052 1280 152.
1096 1214 1193 1298 Apud
1211 1216 1254 1279 At·

145 1315 224 1379 ticos
254 1310 376 1397 καρδία
404 1311 505 1376 forma
528 1313 598 1377 sola
620 1319 749 1395 regnat,
779 1312 843 1378 nisi
864 1314 950 1396 quod
972 1313 1085 1396 tragici
1106 1311 1253 1378 interdum

145 1413 179 1476 in
201 1411 343 1476 numeris
365 1416 531 1492 anapaest.
555 1408 880 1493 collacrymabant
902 1411 1036 1477 formam
1052 1409 1254 1476 adsciverunt

232 1512 282 1573 84.
305 1508 403 1572 Attici
424 1508 458 1572 in
480 1505 643 1590 καρτερός
665 1507 717 1585 (de
739 1508 870 1574 vocibus
892 1509 1036 1591 cognatis
1058 1528 1089 1571 v.
1113 1508 1254 1583 64115)

146 1606 317 1690 pristinam
332 1605 509 1670 litterarum
524 1604 769 1671 collocationem
785 1605 977 1686 retinebant,
991 1604 1080 1689 apud
1094 1605 1253 1670 Homerum

146 1700 310 1786 καρτερός
332 1710 364 1769 et
385 1699 548 1786 κρατερός
570 1702 744 1784 variantur,
767 1710 862 1785 prout
884 1704 989 1768 versui
1012 1710 1068 1768 aut
1088 1701 1255 1786 anapaesti·

145 1821 217 1867 cum
239 1809 296 1866 aut
317 1799 511 1883 dactylicum
533 1801 726 1865 vocabulum
740 1801 1011 1868 accommodatius
1027 1807 1076 1867 cst
1090 1801 1256 1882 eademqne

143 1901 269 1965 ratione
301 1895 559 1983 κρατερόφρων,
594 1900 807 1982 κρατερῶνοξ
835 1905 867 1965 et
900 1895 1159 1982 καρτερόθυμος
1186 1898 1255 1962 inter

145 2018 180 2065 se
213 1998 373 2064 differunt.
419 1993 465 2059 el.
489 1994 569 2059 Lob.
602 2016 634 2078 p.
657 1998 729 2063 492.
775 1995 854 2061 (lum
883 1989 971 2062 vero
987 2003 1020 2062 et
1049 1994 1212 2069 Herodoto
1232 1997 1255 2058 ct

121 2166 127 2176 ,
144 2096 259 2165 Atticis
283 2090 444 2178 καρτερός
471 2090 573 2158 forma
594 2093 712 2158 usitata
733 2095 784 2174 sit,
807 2114 849 2160 ne
871 2094 1003 2160 Ionibus
1023 2093 1154 2176 quidem
1170 2091 1255 2157 omni-

143 2196 202 2260 bus
232 2193 334 2258 torma
355 2189 526 2256 metathesi
547 2190 663 2255 affecta
677 2190 838 2273 placuisse
853 2192 988 2257 videtur.
1033 2191 1160 2257 Eodem
1174 2189 1256 2256 modo

142 2292 278 2357 fortasse
298 2286 505 2353 iudicandum
528 2295 576 2352 est
599 2287 640 2352 de

231 2391 281 2454 85.
306 2382 429 2468 ὁρατός
445 2383 545 2467 (δέρω
560 2420 603 2430 -
622 2388 722 2452 Ψ169
737 2386 820 2468 περὶ
836 2384 872 2450 δὲ
890 2382 997 2468 δρατὰ
1013 2383 1155 2467 σώματα
1170 2383 1254 2471 νήει),

144 2507 216 2552 cum
244 2484 332 2550 alias
347 2483 439 2547 nullu
466 2480 568 2546 torma
595 2484 637 2548 ab
668 2482 782 2549 eadem
814 2484 924 2550 radice
944 2483 1042 2548 ducta
1062 2482 1255 2550 metathesim

143 2584 293 2667 patiatur.
337 2577 469 2664 Δαρτός
498 2580 602 2644 solum
631 2599 648 2646 e
678 2581 908 2647 recentioribus
937 2571 1152 2663 scriptoribus
1168 2579 1255 2645 tradi·

144 2691 211 2745 tum
234 2685 292 2759 est,
315 2698 345 2742 v.
369 2676 493 2742 Veitch.
516 2697 547 2760 p.
573 2682 643 2743 156.
667 2713 707 2724 -
736 2679 869 2744 Prorsus
891 2684 1000 2743 autem
1022 2676 1196 2760 singularis
1217 2680 1256 2741 est

231 2779 281 2841 86.
304 2779 510 2859 τραπείομεν
523 2774 604 2840 coni.
615 2795 680 2839 aor.
689 2795 774 2859 pass.
783 2775 873 2840 verbi
885 2779 1008 2858 τέρπω,
1021 2776 1075 2857 qui
1087 2781 1155 2840 tam
1168 2791 1257 2859 prope

52 2887 54 2890 ’
142 2873 186 2940 ad
208 2877 323 2957 τρέπω
345 2871 478 2952 accedit,
501 2880 535 2937 ut
556 2873 783 2955 aquibusdam
806 2871 856 2951 (cl.
872 2871 1022 2937 Faesium
1037 2872 1081 2936 ad
1096 2877 1125 2938 θ
1140 2877 1200 2938 292
1211 2873 1256 2942 al.)

143 2991 184 3037 ex
216 2972 277 3035 hoc
310 2969 423 3035 ductus
455 2990 525 3037 esse
557 2978 695 3053 putetur.
754 2970 820 3037 Sed
848 2969 882 3034 in
904 2989 1000 3035 versu
1021 2966 1096 3034 ἀλλ)
1133 2967 1193 3054 dyc
1224 2965 1256 3053 δὴ

145 3064 303 3154 φιλότητι
332 3073 538 3151 τραπείομεν
568 3073 599 3131 Γ
618 3073 679 3132 441
704 3076 736 3134 et
757 3069 789 3137 Ξ
809 3071 871 3132 314
893 3065 927 3130 id
949 3087 1014 3131 non
1036 3067 1128 3151 lieet3
1153 3071 1181 3131 θ
1204 3068 1257 3130 292

142 3165 383 3232 concedendum
406 3174 461 3232 est
477 3165 614 3232 eandem
636 3165 770 3231 formam
793 3164 919 3231 facilius
934 3157 976 3229 ad
990 3170 1129 3247 τρέπειν
1146 3163 1257 3243 referri,

141 3285 212 3328 cum
241 3264 322 3328 haec
350 3265 414 3329 sint
443 3265 557 3329 verba:
590 3261 834 3348 δεῦρο,’φίλη,
857 3260 1035 3345 λέκτρονδε
1057 3255 1258 3345 τραπείομεν

142 3358 355 3448 εὐνηθέντες.
380 3360 425 3426 cf.
443 3362 544 3426 Maur.
560 3360 771 3426 Schmidtium
786 3360 829 3426 ad
841 3360 983 3444 -Hesyeb
1000 3380 1025 3426 s.
1041 3379 1071 3424 v.
1116 3360 1258 3425 Fortasse

142 3466 276 3542 utraque
304 3459 406 3524 forma
428 3471 502 3524 non
529 3459 662 3541 linguae
684 3479 753 3539 usu,
776 3457 844 3537 sed·
857 3459 898 3523 ab
921 3458 992 3541 ipso
1014 3462 1111 3540 poeta
1135 3456 1258 3522 confusa

141 3566 199 3624 est.
243 3556 364 3622 Dubito
393 3565 520 3637 tamen,
550 3578 626 3622 num
655 3559 751 3622 etiam
781 3576 818 3624 eo
850 3552 1123 3640 progrediendum
1145 3555 1202 3632 sit,
1230 3557 1258 3616 nt

141 3662 328 3736 statuamus,
352 3676 423 3720 oum
446 3654 634 3720 mobilitatis
656 3661 688 3719 ct
709 3653 920 3719 volubilitatis
943 3651 1136 3733 liquidarum
1153 3667 1257 3717 sensus

10 3829 11 3832 ¹
142 3753 272 3835 quidam
301 3753 434 3818 Graecis
469 3752 675 3833 loquentibus
711 3758 873 3834 tamquam
909 3769 1063 3833 praesens
1100 3754 1197 3831 atque
1228 3746 1256 3809 in

140 3851 263 3932 aliquot
285 3848 450 3915 vocabulis
474 3849 610 3932 duplicis
639 3848 761 3914 formae
790 3847 996 3918 adhibendae
1021 3846 1159 3912 facultas
1189 3843 1255 3909 data

20 3981 22 3986 ·
140 3954 226 4014 esset
240 3946 291 4024 (cf.
303 3943 487 4033 ἄνήγρετος
499 3980 541 3992 -
553 3944 741 4030 ἀνέγερτος,
758 3943 974 4030 κρατερός-
986 3941 1150 4028 καρτερός
1165 3942 1253 4015 siml:
