2828 4776
375 364 416 418 Do
434 363 574 418 titulorum
591 365 742 421 ionicorum
759 365 882 421 dialecto.
1131 366 1192 430 287

65 533 197 599 Parisiis
217 537 298 600 1844
313 557 344 619 p.
357 535 487 601 XXXV
498 543 530 603 et
542 535 700 614 XXXVI)
717 544 748 604 et
760 537 955 603 Bredovium
971 537 1193 619 (Quaestiones

64 630 106 695 de
129 629 207 696 dial.
230 631 305 698 Her.
324 654 355 716 p.
375 638 553 710 115—120)
576 653 641 698 non
663 641 749 700 recte
771 634 933 702 Herodoto
956 657 1048 703 usum
1069 638 1193 705 brevio·

62 748 134 792 rum
156 728 329 794 formarum
352 740 463 807 κεῖνος
486 738 517 796 et
538 732 632 798 θέλω
658 752 789 815 prorsus
818 731 1030 816 denegavisse
1052 735 1193 803 Steinius

61 825 230 891 contendit
253 825 419 900 (Herodoti
441 828 609 910 historiae,
640 829 800 895 recensuit
823 828 862 894 H.
886 830 993 914 stein,
1023 835 1142 900 Tamus
1166 835 1191 899 I.

61 944 94 1006 p.
110 923 224 1003 XLV).
261 924 308 989 Ac
323 934 408 990 certe
430 924 549 991 formas
570 926 644 991 illas
659 925 814 992 Herodoti
832 935 939 994 aetate
960 929 994 994 in
1016 931 1192 996 recentiore
1263 925 1269 935 “

60 1019 145 1086 Iade
166 1021 301 1086 usitatas
322 1021 421 1088 fuisse
442 1022 606 1089 titulorum
627 1024 819 1105 testimonia,
843 1044 926 1106 quae
944 1026 1010 1091 iam
1025 1028 1192 1094 Rennerus

59 1118 195 1200 collegit
217 1118 250 1193 tl.
266 1117 287 1183 l.
310 1118 398 1199 11.2,
422 1140 452 1203 p.
473 1125 533 1202 11)),
555 1141 616 1186 nos
639 1120 764 1187 docent.
808 1122 917 1189 Habes
939 1124 1024 1189 enim
1046 1126 1133 1210 θέλῃ
1156 1125 1191 1190 in

58 1215 156 1280 titulo
180 1214 417 1283 Halicarnassio
441 1221 504 1299 (21,
530 1223 578 1284 16.
599 1222 660 1295 33).
705 1219 839 1284 Formas
861 1221 1059 1304 pronominis
1080 1222 1191 1289 titulus

58 1313 163 1378 Teius
185 1312 290 1379 sexies
312 1314 453 1381 exhibet.

149 1410 221 1477 Vss.
245 1414 285 1476 39
302 1418 333 1478 et
349 1418 390 1476 44
412 1413 540 1479 brevior
562 1414 708 1480 adbibita
731 1420 778 1480 est
799 1413 911 1497 torma,
935 1416 989 1481 ubi
1011 1417 1147 1499 legimus

268 1511 495 1574 εΠΟΙΗΣΕΙ
508 1533 514 1572 :
532 1514 693 1577 ΚΕΝΟΝ

217 1612 248 1672 et
267 1609 581 1673 εΗΕΠΙΔΙΩΤΗΙ
601 1632 608 1673 :
632 1611 794 1674 IOENON
827 1615 904 1684 (non
944 1611 1029 1693 quod
1060 1612 1190 1678 Renner

55 1703 182 1788 profert
205 1701 301 1783 ξυνὸν
322 1701 327 1783 Ι
346 1715 479 1779 κεῖνον).

146 1803 300 1867 Attamen
321 1820 363 1867 ne
386 1802 540 1868 brevioris
554 1801 683 1885 quidem
706 1804 828 1870 formae
850 1826 926 1871 usus
948 1812 1100 1872 constans
1120 1805 1188 1888 fuit,

54 1920 133 1965 cum
156 1899 189 1964 in
212 1898 326 1965 eodem
348 1899 440 1965 titulo
463 1901 543 1966 Teio
564 1899 702 1966 habeas:
1287 1892 1292 1911 ''

423 1999 483 2062 TO
507 1999 679 2062 EKEINO
703 2001 766 2075 (13,
790 2001 853 2074 53).

421 2118 428 2158 :
455 2095 674 2159 TOKENO:

51 2192 228 2276 posterius,
245 2192 331 2274 quod
346 2199 394 2257 ter
409 2194 469 2268 (vs.
485 2193 515 2270 7,
530 2192 579 2272 23,
594 2196 647 2266 43)
662 2192 697 2256 in
712 2193 804 2258 titulo
817 2193 946 2257 obvium
958 2198 1015 2273 est,
1031 2198 1137 2257 utrum
1148 2191 1187 2255 τὸ

52 2292 174 2354 κείνου
203 2307 246 2352 an
275 2285 448 2354 τούκείνου
479 2288 575 2366 (crasi
604 2286 682 2354 ead
706 2285 835 2354 ἐκείνου
863 2292 984 2366 natum)
1014 2289 1187 2372 legendum

54 2388 116 2469 sit,
146 2385 358 2452 demonstrari
380 2407 445 2451 non
468 2391 583 2469 potest.

215 2697 233 2767 ξ
259 2696 307 2755 11).
352 2691 411 2755 DE
435 2686 659 2755 VOOALIUM
681 2686 1027 2755 CONTRAOTIONE.

146 2872 215 2937 Viri
230 2872 324 2953 docti,
348 2873 402 2954 qui
418 2872 495 2938 solis
510 2871 666 2938 Herodoti
682 2871 845 2936 codicibus
861 2877 893 2938 et
907 2874 1187 2954 grammaticorum

53 2969 252 3036 testimoniis
266 2969 338 3051 nisi,
354 2969 581 3035 contractionis
596 2969 687 3052 leges
700 2970 733 3033 in
749 2969 926 3035 recentiore
937 2968 1017 3034 Iade
1033 2970 1188 3053 indagaro

52 3066 259 3150 studuerunt,
284 3057 343 3132 etsi
359 3086 454 3149 quam
469 3065 609 3131 maxime
630 3067 664 3129 in
688 3067 822 3148 singulis
836 3066 919 3132 inter
935 3086 970 3132 se
985 3066 1186 3149 dissentiant,

54 3183 173 3229 omnes
206 3163 433 3229 contractionis
468 3162 621 3228 terminos
662 3164 762 3228 artius
799 3162 1074 3245 circumscribunt,
1114 3180 1187 3228 cum

54 3263 162 3328 falsae
177 3260 299 3327 addicti
315 3261 379 3327 sint
398 3261 550 3344 opinioni,
575 3260 734 3341 „ionicam
750 3260 926 3326 orationem
942 3260 1186 3326 collocationem

55 3379 169 3425 earnm
192 3359 351 3424 vocalium
373 3360 426 3424 vel
449 3357 571 3423 vocalis
593 3362 624 3421 et
646 3355 856 3440 diphthongi,
886 3376 965 3439 quas
993 3357 1049 3422 alii
1071 3357 1187 3423 Graeci

54 3458 90 3522 in
121 3476 219 3521 unam
248 3456 481 3522 contrahebant
508 3453 678 3538 syllabam,
708 3453 869 3538 propriam
898 3454 960 3520 sibi
990 3454 1187 3539 sumpcieeffi‘

58 3553 222 3635 (Bredow,
245 3553 310 3620 ll.
332 3574 364 3636 p.
391 3556 473 3627 1911).

144 3651 355 3734 Praesumpta
376 3650 435 3715 illa
456 3649 566 3732 opinio
588 3655 653 3712 tam
675 3648 803 3731 penitus
824 3649 922 3714 insita
944 3654 1009 3726 est,
1031 3655 1067 3714 ut
1088 3648 1185 3715 etlam

55 3750 205 3830 Renum,
234 3748 288 3830 qui
317 3748 480 3812 titulorum
508 3745 627 3812 formas
652 3745 702 3809 illi
725 3746 889 3812 obstantes
912 3745 1057 3837 cognitas
1076 3745 1184 3819 habet,

58 3866 170 3913 earum
185 3846 406 3919 auctoritatem
422 3844 565 3910 minuere
583 3851 616 3909 et
637 3843 672 3907 in
688 3842 818 3906 dubium
834 3861 950 3909 vocare
963 3843 1065 3927 malit,
1088 3857 1184 3926 quem

57 3944 174 4009 falsam
197 3942 345 4009 deserere
368 3942 562 4026 opinionem.
