2828 4776
374 362 416 415 De
432 361 570 416 titulorum
588 362 738 418 ionicorum
756 362 880 418 dialecto.
1130 360 1191 422 275

286 672 287 676 ’
356 666 424 734 DE
454 665 909 736 cousoNnNTIBUs.

388 854 416 923 ξ.
441 850 470 911 3.
515 848 574 911 DE
596 845 873 912 DIGAMMATE:

151 995 274 1062 Littera
296 1021 317 1061 r
344 998 378 1061 in
407 999 509 1065 titulis
536 999 649 1064 ioniois
677 1019 742 1064 non
765 1000 899 1064 ooourrit
921 999 984 1066 nisi
1008 1001 1041 1064 in
1064 1001 1193 1084 quibus·

61 1092 141 1158 darn
164 1113 313 1159 vasorum
335 1095 369 1159 in
391 1096 524 1163 coloniis
547 1094 814 1162 Chalcidensibus
841 1096 1055 1162 oonfeotomm
1084 1099 1194 1164 insori-

61 1195 230 1278 ptionibus
245 1199 292 1278 (33
308 1215 339 1277 p.
357 1196 441 1264 256).
481 1193 633 1276 Legimus
654 1193 688 1257 in
710 1193 776 1258 illis
798 1193 878 1260 haee
900 1196 1031 1261 nomina
1046 1195 1192 1279 propria:

61 1289 140 1370 sad,
153 1289 309 1377 'Osoaipc
325 1294 443 1373 (7459),
459 1297 491 1356 Γ
488 1289 654 1376 αρυῐόνης
668 1295 785 1367 (7582).
818 1292 924 1356 Etiam
936 1293 970 1357 in
984 1292 1193 1384 inscriptione

63 1393 150 1455 7460
173 1389 261 1455 haud
284 1389 380 1454 dubie
402 1386 465 1453 aad
487 1387 660 1472 legendum
683 1396 732 1455 est
754 1410 811 1472 pro
834 1388 951 1455 tradito
973 1387 1054 1455 Εἰώ.

151 1486 240 1553 Haeo
277 1507 348 1552 oum
385 1487 455 1553 sola
493 1487 558 1551 sint
598 1487 748 1570 exempla
790 1484 993 1569 digammatis
1030 1488 1064 1552 in
1095 1507 1193 1570 prosa
1292 1507 1295 1513 ·

62 1583 210 1651 oratione
232 1584 357 1660 ionica,
380 1593 573 1666 quamquam
596 1602 704 1648 eorum
728 1590 818 1649 aetas
841 1604 898 1667 pro
921 1593 1007 1651 oerto
1030 1584 1192 1668 explorari

62 1688 213 1763 nequeat,
236 1702 302 1746 non
324 1688 399 1748 sunt
420 1679 612 1764 spernenda.
657 1678 753 1760 Vasa,
776 1680 810 1743 in
833 1682 947 1762 quibus
969 1684 1134 1765 leguntur,
1156 1700 1191 1748 re
1266 1685 1269 1692 '

62 1797 142 1844 vera
171 1779 212 1843 ab
234 1779 367 1845 Ionibus
395 1798 466 1844 esse
494 1777 653 1858 oonfeota,
684 1796 753 1841 oum
783 1777 839 1841 alii
868 1779 995 1846 ionismi
1024 1786 1092 1845 tum
1114 1804 1134 1866 η
1157 1781 1192 1844 in

61 1877 136 1959 ipsa
168 1876 270 1941 forma
299 1872 454 1961 'Ornatus
487 1875 616 1939 obvium
650 1873 857 1940 demonstrat.
912 1877 950 1940 ln
987 1898 1051 1960 qua
1084 1884 1191 1943 autem

61 1974 189 2039 ionioae
211 1973 316 2056 gentis
338 1974 416 2039 sede
438 1971 583 2038 oonfeota
604 1971 678 2052 sint,
701 1971 928 2054 Kirohhotiius,
952 1981 986 2038 nt
1007 1994 1106 2059 snpra
1126 1995 1192 2042 me·

61 2070 269 2151 moravimus,
292 2090 362 2135 oum
385 2067 698 2149 summaindagavit
720 2067 1009 2136 verisimilitudine.

150 2168 220 2233 Etsi
252 2168 348 2251 igitur
378 2166 421 2231 ad
454 2164 645 2231 Kirohhoffii
676 2166 871 2230 sententiam
903 2167 1101 2251 aooedimus,
1136 2170 1191 2252 qui

62 2266 261 2348 singularem
275 2265 366 2330 illam
387 2264 520 2329 formam
544 2259 667 2326 drowa
690 2262 724 2326 in
746 2262 838 2326 titulo
854 2263 960 2329 Naxio
977 2264 1023 2345 (G.
1039 2267 1065 2330 I.
1083 2266 1119 2332 G.
1139 2272 1189 2341 10)

62 2362 278 2446 aBentleyo,
301 2362 458 2443 Pomone,
482 2362 692 2440 Buttmanno‚
716 2360 888 2444 Boeokhio
910 2362 983 2428 aliis
1011 2363 1190 2429 restitutam

61 2462 95 2525 in
119 2460 336 2543 suspicionem
358 2459 508 2539 vaeavit,
531 2465 640 2523 tamen
661 2479 727 2523 non
749 2479 878 2540 prorsus
901 2458 1017 2526 desunt
1041 2462 1191 2544 exempla

61 2557 129 2623 vivi
150 2558 239 2642 apud
260 2559 357 2623 Ionas
380 2555 584 2639 digammatis
608 2554 658 2632 (ol.
681 2556 810 2621 Renner
833 2557 854 2620 l.
876 2557 898 2620 l.
922 2579 952 2642 p.
978 2562 1061 2635 144).

344 2813 363 2890 ξ
386 2815 415 2876 4.
460 2811 517 2875 ΒΕ
541 2809 713 2876 SPIRITU
734 2808 910 2876 ASPERO.

147 2964 264 3029 Mirum
287 2971 335 3030 est
356 2963 442 3047 quod
463 2962 569 3028 adhue
584 2962 669 3026 omni
684 2969 770 3027 caret
792 2961 1007 3045 explicatione
1022 2964 1190 3030 notissima

61 3062 248 3129 recentioris
270 3062 359 3128 Iadis
380 3061 574 3146 proprietas:
598 3057 683 3141 quod
698 3057 827 3139 quidem
849 3060 963 3140 tenuis,
987 3081 1082 3143 quam
1100 3062 1190 3145 spiri·

61 3167 110 3226 tus
126 3178 224 3249 asper
240 3159 452 3241 subsequitur,
475 3175 601 3240 semper
622 3155 689 3221 iere
711 3155 837 3237 integra
859 3163 1014 3222 servatur.
1059 3160 1097 3238 In
1120 3179 1189 3243 per-

61 3255 234 3322 tractanda
264 3256 400 3322 dialeoto
423 3254 547 3322 aeolioa
569 3251 746 3317 Ahrensius
769 3251 822 3328 (de
845 3254 921 3318 dial.
944 3256 1026 3320 aeol.
1050 3261 1068 3332 ς
1092 3261 1121 3332 4,
1148 3261 1189 3337 1),
1255 3317 1260 3325 ,

60 3354 151 3419 nullo
168 3352 371 3436 adversante,
395 3352 482 3418 omni
497 3350 611 3425 vocali,
634 3355 710 3413 ante
725 3369 820 3431 quam
841 3351 946 3417 tenuis
961 3372 1026 3417 non
1048 3353 1081 3416 in
1104 3352 1188 3436 aspi-

58 3458 165 3517 ratam
187 3457 336 3531 mutatur,
361 3451 506 3533 spiritum
528 3467 676 3532 asperum
698 3466 828 3530 prorsus
851 3447 999 3530 denegat.
1041 3449 1188 3515 Eandem

58 3551 160 3615 etiam
182 3547 216 3610 in
240 3547 346 3612 ionica
362 3548 498 3613 dialecto
521 3543 717 3628 sequendam
736 3562 807 3608 esse
829 3545 983 3626 regulam,
1006 3547 1070 3611 iam
1093 3554 1189 3612 antea
1270 3580 1272 3582 v

18 3712 26 3730 ‚
57 3644 192 3712 Giesius
216 3643 439 3726 oontenderat,
476 3644 564 3709 ouius
590 3643 661 3727 ipsa
683 3640 784 3706 verba
805 3641 937 3706 afferam
961 3643 1103 3724 t„Ueber
1125 3644 1188 3710 den

57 3742 228 3811 aolisohen
252 3742 395 3823 Dialekt,
420 3741 539 3822 Berlin,
567 3739 669 3807 1837“
692 3763 723 3826 p.
748 3745 809 3806 402
833 3747 909 3824 sq.):
954 3801 956 3806 .

149 3840 248 3922 „Man
271 3838 343 3905 dari
363 3838 556 3920 sohliessen,
580 3838 655 3904 dass
677 3839 711 3903 in
734 3838 806 3904 dem
829 3838 988 3905 Ionismus
1011 3837 1068 3905 des
1090 3838 1189 3907 Hero-

58 3939 117 4005 dot
147 3938 180 4001 in
210 3936 296 4002 allen
327 3937 390 4002 den
413 3936 574 4033 Woltern,
605 3955 654 4000 wo
684 3934 736 4000 bei
766 3935 831 4000 ihm
860 3936 894 4000 in
925 3935 982 4002 der
1003 3944 1189 4019 genannten
