2828 4776
146 362 206 424 150
625 359 794 430 Siegismuud

142 535 282 603 candum
310 541 358 601 est
384 534 424 600 de
454 531 624 619 κραιπάλη
654 534 838 616 crapula,
863 532 1000 595 ‘tuomet’
1034 540 1066 600 ct
1099 532 1201 621 κάλπη
1234 543 1257 592 ε

142 635 212 700 sim.
234 654 266 699 v.
290 631 376 698 Curt.
394 654 431 717 p.
456 636 526 698 137.
549 632 640 697 Beni.
663 632 707 713 II,
731 636 803 697 310.

230 735 277 795 15.
303 728 452 814 κράμβος
475 731 606 797 siccus
628 729 716 796 haud
733 729 830 795 dubie
844 728 889 795 ad
904 726 1026 816 κάρῳω
1049 735 1182 797 torreo
1197 743 1257 814 pes

142 829 232 902 huet,
256 849 286 891 v.
310 828 488 895 Walterum
510 828 578 893 KZ.
602 827 677 909 XII,
702 831 774 894 380.
798 827 884 893 (lurt.
907 849 939 910 p.
963 831 1034 894 480.

231 930 277 991 16.
300 923 435 1009 γράσων
469 923 613 1010 (μωρός,
640 921 846 1002 ἀνθύπατος
868 925 1021 1009 Hesych.l
1051 925 1184 992 Fiekius
1204 924 1257 992 Ὁ]

142 1045 173 1090 u.
196 1022 278 1090 0ch
301 1023 362 1105 III,
387 1025 447 1087 295
477 1041 548 1086 cum
577 1025 634 1087 lat.
662 1043 760 1105 perro
790 1022 859 1089 sive
881 1044 973 1086 cerro
998 1023 1163 1106 ‘tolpel’
1186 1025 1257 1099 (Tel

142 1122 258 1188 Heaut.
235 1128 310 1203 t,5
334 1126 363 1201 4,
392 1119 441 1201 10)
464 1120 649 1203 composuit,
673 1120 760 1204 quod
782 1121 951 1202 quominus
973 1143 994 1186 a
1016 1121 1150 1190 Graecis
1172 1128 1257 1187 treus

141 1220 242 1289 latum
257 1224 416 1302 putemus,
439 1216 633 1302 impedimur
646 1217 756 1284 formis
771 1218 915 1300 cognatis
937 1224 1080 1292 cerritus,
1105 1221 1257 1282 cerritum

141 1317 212 1383 sim.
256 1316 318 1380 Pro
355 1315 464 1381 radice
501 1335 572 1381 eum
609 1315 735 1382 Fiokio
759 1315 835 1377 lars
871 1316 970 1393 (unde
1005 1337 1064 1399 gr.
1086 1314 1195 1430 adooq
1216 1316 1253 1383 al

141 1401 293 1490 habenda
315 1421 372 1479 est
417 1411 510 1492 Quod
539 1414 710 1480 metathesi
731 1413 817 1479 facta
838 1405 926 1498 apud
949 1414 1090 1480 Graecos
1115 1439 1155 1498 κρ
1178 1415 1256 1498 iur

142 1511 232 1592 abiit,
210 1511 288 1575 tin
313 1530 351 1575 co
374 1511 454 1575 nihil
479 1517 528 1577 est
549 1510 751 1593 offensionis,
773 1511 812 1576 cf.
836 1532 934 1595 supra
955 1515 1097 1576 11οῖ.26

229 1612 278 1673 17.
302 1606 448 1693 κρόμυον
483 1628 607 1692 caepa
635 1629 655 1674 a
683 1609 805 1675 Piotetc
834 1607 993 1692 ‘Origines
1021 1608 1226 1693 Indoeurop!

142 1709 203 1772 297
237 1725 308 1772 cum
336 1706 449 1772 lituan.
472 1706 636 1770 hennacae
672 1713 704 1773 et
740 1707 864 1773 hibern.
898 1710 1021 1770 orcam
1058 1714 1257 1791 comparatu:

142 1803 285 1886 Buggius
307 1803 374 1869 KZ.
404 1805 495 1886 XIX,
526 1808 588 1871 419
626 1803 740 1870 codem
776 1804 921 1870 scandin.
959 1825 1045 1867 roms
1080 1804 1198 1888 refert,
1231 1825 1257 1871 c

141 1900 305 1966 Hehnium
334 1921 366 1983 p.
398 1905 468 1967 126.
523 1903 562 1967 In
591 1902 685 1966 trium
714 1903 907 1984 linguarum·
924 1907 1137 1984 cognatarum
1166 1903 1257 1968 form}

141 1998 298 2080 liquidam
319 1998 546 2082 anticipatam,
572 2000 606 2064 in
628 2021 692 2066 uno
713 2001 828 2065 lituan.
849 1998 1014 2062 hemmae
1035 2019 1094 2065 suo
1117 2001 1191 2067 loco
1211 2019 1257 2066 so:

141 2103 249 2162 vatam
272 2115 343 2161 esse
365 2117 431 2161 uon
453 2117 510 2181 pro
533 2105 620 2163 certo
642 2097 776 2179 affirmo,
799 2097 858 2163 sed
879 2097 1053 2163 verisimile
1076 2096 1177 2180 duco,
1200 2095 1257 2180 qui

141 2194 175 2258 in
207 2194 267 2259 hoo
299 2195 459 2259 vocalis
491 2189 755 2308 anticipationem
789 2214 886 2277 aegre
919 2196 1152 2277 composuerim,
1190 2214 1257 2278 quo

143 2297 245 2357 metat
231 2291 333 2357 thesis
355 2310 458 2374 genus
481 2293 675 2375 paucissima
703 2293 801 2358 etiam
829 2292 917 2421 apud
939 2293 1096 2359 Lituauos
1125 2292 1257 2382 exempl

141 2388 268 2456 videtur
290 2389 420 2455 habere.

230 2489 279 2552 18
302 2481 422 2597 ἀχράς,
461 2492 499 2552 st
538 2481 660 2570 ἀχραδ,
699 2489 830 2570 pirum
867 2494 979 2572 aperte
1014 2488 1168 2554 cohaeret
1201 2507 1257 2554 our

143 2580 286 2665 ἄχερόος
318 2583 440 2666 pirus.
485 2582 686 2665 Quamquam
715 2603 792 2649 vero
822 2585 863 2651 de
891 2584 1015 2668 origine
1043 2586 1159 2652 horum
1181 2603 1257 2650 voca

141 2679 290 2764 bulorum
312 2680 455 2745 noudum
477 2687 603 2746 constat
604 2688 806 2762 ,tamen-
830 2685 858 2748 si
880 2683 1064 2749 universam
1075 2680 1256 2749 metathesi

141 2777 298 2843 rationem
320 2783 567 2860 spectamus-
591 2776 738 2846 dubitare
759 2800 825 2845 non
847 2801 1025 2864 possumus,
1049 2782 1128 2862 quin
1150 2777 1257 2846 arbori

141 2894 260 2939 nomen
282 2873 450 2957 pristinam
472 2875 650 2941 litterarum
671 2877 913 2943 collocationem
928 2885 1089 2944 servatam
1106 2879 1257 2962 praebeat,

142 2967 250 3054 ἀχραδ
272 2970 374 3036 forma
396 2972 512 3038 affecta
534 2972 584 3038 sit.
629 2974 786 3039 Derivata
800 2971 1066 3059 ειηιῖἍχερόοὗς
1088 3013 1131 3023 -
1151 2974 1254 3057 'Appa-

144 3067 232 3154 ὁθῦς,
256 3069 382 3135 Atticae
404 3089 517 3153 pagus,
530 3067 697 3158 Άχράδης
720 3072 762 3137 al.
784 3092 815 3137 v,
839 3072 1003 3143 Beuseleri
1024 3074 1090 3139 lex.
1115 3096 1146 3158 p.
1172 3077 1229 3138 187.

48 3252 53 3259 ι
175 3182 176 3185 ’
230 3169 278 3231 te.
302 3161 467 3250 ἄτρακτος
500 3167 514 3230 1
521 3187 615 3233 usus
648 3170 793 3252 proxime
827 3177 998 3252 cognatum
1031 3178 1081 3236 θεῖ
1115 3192 1184 3239 oum
1205 3187 1245 3235 sor·

141 3262 292 3326 toric-a-c.
337 3265 445 3331 Radix
472 3272 521 3331 θεῖ
551 3264 640 3337 tort,
665 3286 712 3348 gr.
734 3291 820 3352 τρακ
842 3304 884 3316 -
904 3259 1244 3354 τρεκ(1’.11.20),1(1

15 3373 17 3378 '
140 3380 237 3444 quam
260 3362 357 3427 etiam
380 3359 526 3449 ἀτρεκής
547 3364 764 3429 revocandum
788 3372 845 3430 θεῖ.

226 3462 278 3524 20.
300 3465 432 3545 τρέπω,
473 3460 501 3525 si
538 3458 679 3526 Curtium
717 3468 759 3546 (p.
784 3466 858 3541 427)
896 3462 1073 3546 sequimur,
1111 3484 1179 3530 cum
1206 3462 1242 3526 lat·

142 3565 273 3640 torqueo
295 3577 355 3621 scr.
371 3556 498 3619 rarle-os
521 3563 579 3622 cct.
603 3557 646 3623 ad
668 3559 804 3625 eandem
828 3560 896 3625 rad.
919 3559 1028 3643 indog.
1053 3561 1150 3625 *tcrlr
1169 3556 1243 3630 redit·

141 3671 159 3717 θ
175 3672 239 3734 qua
255 3653 350 3718 etiam
370 3654 479 3721 theod.
503 3654 639 3739 drothjoo
655 3656 697 3721 al.
713 3652 871 3724 'videntur
885 3656 1052 3742 prodiisse,
1075 3680 1106 3724 v.
1123 3657 1241 3726 Fickiuo

140 3770 174 3833 p.
187 3753 260 3815 363.
298 3751 331 3817 Is
344 3760 452 3818 autem
473 3773 505 3836 p.
522 3755 562 3817 82
584 3757 699 3835 τρέπω
723 3773 794 3820 cum
816 3756 871 3820 lat.
888 3757 987 3839 trcpr't
1007 3759 1155 3841 (vertit,
1174 3749 1240 3822 Paul·

140 3845 226 3929 Epic.
250 3850 342 3929 367),
371 3850 526 3934 trepidus,
557 3850 680 3917 slcven.
705 3858 840 3936 trop-oti
861 3852 1090 3937 trepidare,
1114 3875 1169 3920 scr.
1188 3863 1239 3929 trll’

139 3942 294 4026 pudere
316 3946 465 4027 -quod
487 3946 616 4030 proprie
639 3968 680 4014 εθ
701 3958 890 4015 evertere
913 3950 1140 4033 significaverit
1159 3937 1238 4010 -tfl
