2828 4776
547 345 580 400 de
597 345 739 413 metathesi
755 359 859 414 graeca.
1202 341 1261 404 173

145 522 199 586 hac
220 519 255 585 in
280 539 316 585 rc
331 520 434 602 poetis
449 516 571 602 aliquid
587 520 680 585 metri
695 538 793 584 causa
808 538 929 586 novare
945 518 1072 585 licuisse
1080 519 1124 592 ⁶¹).
1169 517 1262 597 Quod

142 617 285 700 quamvis
305 617 476 700 proximis,
500 637 583 701 quae
604 618 744 698 efferam,
768 617 924 700 exemplis
946 617 1155 682 certissimum
1171 615 1263 681 reddi

142 714 298 796 videatur,
321 723 430 782 tamen
453 714 688 799 respiciendum
712 722 760 780 est
781 716 862 780 hae'c
883 714 927 779 ad
942 714 1134 780 recentiores
1149 721 1262 798 poetas

140 812 274 879 oonsilio
297 819 329 880 et
349 821 419 879 arte
440 814 506 878 tale
529 812 605 895 quid
628 819 788 879 sectantes
810 813 978 896 pertinere.

225 914 277 976 87.
300 910 495 993 Κράπαθος
509 931 628 977 nomen
644 932 701 995 pro
718 909 911 995 Κάρπαθος
934 917 983 976 est
1004 913 1034 972 B
1052 913 1124 990 676,
1141 909 1179 974 cf.
1196 911 1261 977 He·

138 1008 228 1092 sych.
244 1028 271 1073 s.
286 1027 317 1072 v.
340 1013 372 1073 et
387 1009 503 1075 Milleri
519 1010 704 1092 ‘Melanges’
719 1030 751 1093 p.
771 1012 839 1072 194.
873 1008 907 1073 Si
921 1007 979 1072 illa
993 1008 1095 1072 forma
1110 1007 1262 1090 loquendi

139 1104 372 1171 consuetudine
394 1108 517 1173 sancita
540 1115 573 1172 et
595 1108 766 1172 constituta
788 1113 876 1186 erat,
906 1125 986 1171 sane
1014 1105 1128 1170 mirum
1150 1112 1199 1172 est
1221 1141 1263 1154 -·-

138 1222 210 1268 cum
234 1202 372 1285 formae,
401 1224 484 1287 quae
506 1204 662 1288 liquidam
684 1204 892 1286 anticipatum
915 1203 1045 1282 habent,
1068 1205 1262 1270 recentiores
1368 1277 1379 1302 ο

141 1321 212 1368 csse
235 1303 363 1367 soleant
380 1301 521 1385 -apud
536 1303 729 1385 posteriores
745 1302 913 1384 scriptores
937 1321 1007 1367 eam
1031 1320 1095 1365 non
1118 1300 1261 1384 reperiri.

138 1397 293 1464 Straboni
321 1406 407 1465 certe
436 1398 629 1484 Κράπαθος
657 1400 760 1465 forma
782 1407 946 1482 tamquam
967 1399 1001 1463 in
1023 1397 1185 1480 loquendo
1208 1397 1263 1463 ad-

138 1494 242 1561 hibita
269 1497 381 1579 ignota
408 1497 482 1578 fuit,
512 1517 582 1562 cum
612 1496 669 1563 ille
696 1519 727 1580 p.
750 1501 813 1563 489
842 1495 867 1561 O
895 1497 977 1562 haec
1004 1497 1140 1561 haheat:
1170 1489 1189 1581 ἡ
1225 1491 1261 1560 δὲ

139 1591 348 1677 Κάρπαθος,
379 1589 425 1680 ἣν
454 1593 690 1678 Κράπαθον
719 1589 842 1660 εἶπεν
872 1590 1114 1679 ductavit,
1147 1587 1261 1679 ὑψηλή

138 1688 212 1756 ἐστι
235 1697 295 1756 cet.
338 1691 390 1755 Ad
412 1691 506 1757 huius
528 1711 604 1758 vero
627 1692 748 1759 formae
770 1691 1012 1757 similitudinem
1033 1689 1161 1756 videtur

226 1791 277 1854 88.
306 1808 327 1853 a
357 1789 513 1873 Dionysio
539 1789 785 1855 -Bassaricorum
815 1796 944 1855 auctore
973 1792 1158 1872 Kaprrcotc
1187 1791 1263 1855 urbs

140 1883 240 1969 Cypri
274 1884 479 1969 Κραπάσεια
508 1885 594 1952 dicta
626 1906 707 1953 esse.
752 1887 888 1953 Versum
910 1885 1021 1969 Steph.
1044 1887 1121 1970 Byz.
1145 1906 1176 1969 p.
1200 1890 1262 1952 452

137 1980 287 2047 tradidit:
310 1980 346 2046 οἵ
365 2005 401 2048 τε
424 1981 524 2048 πόλιν
541 1982 721 2068 Κινύρειαν
744 1980 791 2049 ἰδ’
810 1981 967 2068 αἰπεινὴν
983 1982 1205 2066 Κραπάσειαν
1220 2019 1263 2029 -

141 2098 238 2162 quem
260 2099 386 2146 versum
402 2081 537 2165 Nonnus
560 2082 718 2164 expressit
739 2081 833 2162 xm,
857 2086 937 2147 451:
960 2080 993 2144 οἱ
1017 2080 1053 2145 δὲ
1077 2078 1177 2144 πόλιν
1201 2085 1263 2145 Κι-

139 2176 276 2261 νύρειαν
298 2227 307 2243 .
330 2226 338 2241 .
362 2225 369 2242 .
392 2185 425 2244 et
445 2183 524 2243 455:
555 2178 592 2243 οἵ
610 2176 643 2243 τ’
677 2175 766 2261 εἶχον
790 2177 1014 2263 Κραπάσειαν
1038 2224 1044 2239 .
1072 2227 1078 2242 .
1103 2227 1110 2241 .
1133 2198 1163 2243 v.
1187 2178 1263 2244 Mei-

139 2275 230 2339 nekii
254 2275 362 2340 Anall.
384 2276 478 2341 Alex.
501 2296 532 2359 p.
559 2280 628 2362 119.

225 2373 291 2439 Sed
314 2372 471 2439 accedunt
492 2374 559 2439 alia
581 2376 747 2459 exempla,
777 2375 811 2438 in
834 2375 949 2456 quibus
971 2373 1101 2458 omnino
1125 2373 1264 2439 dubitari

138 2471 267 2553 nequit,
302 2471 379 2553 quin
406 2479 523 2555 poetae
546 2505 584 2516 —
609 2492 680 2538 oum
703 2471 876 2537 Homerum
905 2472 966 2537 sibi
988 2470 1173 2537 viderentur
1194 2472 1263 2536 imi-

138 2570 199 2634 tari
221 2605 264 2614 —
286 2568 410 2651 liquida
431 2569 615 2653 praeposita
637 2589 739 2636 novas
760 2569 879 2634 formas
901 2567 1059 2634 finxerint.
1136 2585 1137 2588 ’

225 2669 276 2731 89.
300 2663 536 2753 ὀφιόσπρατος
558 2667 694 2732 traditur
715 2668 748 2733 in
778 2668 815 2732 E.
832 2667 873 2731 M.
898 2669 969 2747 287,
985 2670 1038 2731 10:
1063 2661 1109 2742 ὡς
1125 2669 1262 2752 φθείρω

140 2761 317 2850 possode,
348 2759 434 2827 οὕτω
465 2763 566 2847 δείρω
598 2763 704 2849 δαρτὰ
733 2765 790 2828 καὶ
820 2760 906 2828 καθ)
930 2759 1121 2848 ὑπέρθεσιν
1146 2761 1263 2847 ὁρατά,

139 2856 186 2938 ὡς
219 2858 455 2947 ὀφιόσπαρτον
491 2857 738 2947 ὀφιόσπρατον.
790 2859 860 2940 Quo
890 2859 931 2926 de
966 2868 1052 2927 recte
1080 2861 1264 2927 Lobeckins

143 2963 184 3042 (p.
210 2961 302 3033 493);
332 2958 412 3024 ‘Hoc
438 2959 570 3025 nomine
601 2960 736 3025 tortasse
758 2965 925 3042 poetarum
947 2958 1064 3041 aliquis
1087 2958 1264 3042 appellavit

140 3055 236 3138 illud,
261 3055 346 3139 quod
369 3078 390 3123 a
411 3059 532 3141 tragico
555 3056 669 3122 dicitur
690 3057 729 3121 τὸ
753 3056 891 3142 γηγενὲς
915 3051 1020 3140 ὄφεος
1043 3060 1150 3140 θέρος
1174 3057 1260 3130 (Eur.

140 3152 258 3219 Bacch.
284 3157 388 3238 1025),
412 3156 443 3220 h.
467 3176 485 3221 e
508 3154 682 3221 Cadmeum
710 3156 764 3220 vel
797 3153 954 3237 serpentis
977 3152 1118 3218 Colchici
1142 3172 1264 3218 semen-

141 3251 226 3316 tum'.
270 3252 427 3335 Pertinet,
457 3253 519 3319 nisi
541 3252 651 3331 fallor,
675 3253 718 3317 ad
741 3259 879 3335 poetam,
903 3250 958 3333 qni
980 3250 1140 3332 dactylico
1162 3257 1262 3315 metro

141 3348 290 3414 utebatur
312 3366 470 3430 (octos).
515 3349 594 3415 Cum
622 3370 699 3416 vero
721 3349 865 3432 alioquin
887 3349 1010 3413 nullum
1032 3347 1202 3429 vestigium
1218 3364 1264 3411 re-

141 3445 283 3527 periatur
310 3445 488 3531 *σπρατός
516 3447 638 3514 formae
666 3468 724 3530 pro
754 3444 905 3530 σπαρτός
928 3444 1000 3521 (hoc
1022 3443 1138 3525 legitur
1160 3443 1261 3526 Soph.
1316 3477 1329 3488 ··

144 3540 222 3608 Oed.
245 3541 280 3608 O.
307 3546 399 3620 1534)
421 3551 611 3629 usurpatae,
634 3544 714 3610 illud
738 3542 974 3629 ὀφιόσπρατος
995 3546 1102 3606 autem
1125 3548 1262 3625 aposta

210 3780 244 3844 ⁰¹)
262 3777 361 3833 Nescio
380 3793 416 3832 an
433 3793 465 3832 ea
482 3778 592 3833 lieentia
609 3780 716 3848 linguae
733 3793 799 3832 usus
817 3793 873 3832 non
891 3777 975 3846 magis
985 3776 1101 3832 violatus
1120 3775 1162 3840 sit,
1181 3779 1263 3846 quam

146 3871 204 3913 cum
221 3857 358 3914 nostrates
375 3864 472 3927 poetae
488 3874 626 3929 syncopen
644 3865 671 3913 et
687 3858 802 3913 maxime
824 3858 853 3912 iu
872 3856 970 3912 finibus
988 3857 1180 3913 vcccbulornm
1198 3872 1263 3928 epo-

146 3952 229 4008 copen
248 3938 400 4001 admittunt,
418 3938 466 3993 ubi
483 3939 592 3994 eaedem
609 3939 638 3993 in
654 3938 787 4008 loquendo
806 3953 939 4006 nusquam
956 3954 1008 3993 usu
1025 3945 1164 3993 venerunt.
