2828 4776
140 359 202 421 216
578 368 579 372 ’
620 361 790 430 Siegismnnd

140 535 174 598 in
197 533 308 616 Steph.
331 533 412 599 thes.
435 554 459 600 s.
482 553 513 597 r.
537 532 705 599 σπεκλόω.
763 533 914 597 Fortasse
943 530 1066 596 formae
1103 530 1261 596 σπλεκοῦν

141 639 173 698 et
196 631 363 697 σπεκλοῦν
386 630 429 696 ad
450 639 488 696 st.
518 632 669 697 *σπελκο
699 630 812 696 eodem
840 628 936 694 modo
968 627 1157 694 revoeanda
1188 635 1262 708 sunt,

140 749 204 812 quo
225 725 396 814 κότραφος
417 731 458 806 (v.
481 729 560 794 Lob.
583 751 615 812 p.
639 733 713 808 507)
745 734 778 794 et
809 726 980 811 κρόταφος
1017 725 1060 790 ad
1098 721 1263 810 κόρταφος

142 833 185 903 (v.
208 828 227 905 ξ
251 831 269 890 4
291 848 323 890 n.
348 826 546 907 prodeunt,
569 833 604 890 ut
627 851 645 910 ρ
669 846 740 891 eum
762 825 900 908 simplici
929 824 1017 889 tenui
1042 829 1263 888 commutatum

142 931 328 989 statuamus.
960 942 961 946 ¹

227 1022 278 1086 De
298 1020 397 1086 variis
419 1020 544 1102 formis,
568 1021 683 1103 quibus
705 1039 805 1085 ranae
827 1018 1061 1102 significantur,
1091 1015 1264 1100 βάτραχος,

141 1116 321 1202 βρόταχος,
357 1115 523 1204 βόρταχος
556 1125 616 1183 oet.
652 1138 767 1184 moneo
802 1118 998 1183 Roseherum
1032 1115 1188 1182 ‘Studien'
1216 1113 1265 1194 IV,

145 1218 205 1281 189
227 1235 295 1298 sqq.
320 1235 375 1282 eas
398 1235 416 1281 e
437 1215 541 1280 forma
562 1213 812 1300 *βρα-τρα-χος
836 1216 975 1296 duxisse,
999 1215 1046 1279 ita
1068 1214 1160 1279 utin
1183 1212 1265 1276 nnlla

141 1311 244 1378 forma
264 1313 358 1394 hano,
383 1313 424 1378 de
445 1333 510 1395 qua
530 1333 615 1378 nuno
636 1314 771 1396 agimus,
794 1313 998 1378 metathesim
1012 1312 1144 1388 factam,
1167 1309 1265 1377 sedin

141 1431 207 1475 una
229 1430 355 1493 quaque
377 1411 514 1476 alterum
537 1436 555 1495 ρ
580 1411 693 1477 elisum
717 1430 788 1478 esse
808 1411 923 1494 vellet3
947 1430 1012 1492 qua
1033 1409 1161 1475 ratione
1176 1408 1266 1472 etiam

143 1506 312 1592 ’ἔκπαγλος
335 1527 384 1573 ex
398 1505 660 1590 *ἕκ-πλαγ-λος,
683 1529 759 1592 non,
782 1515 816 1574 ut
837 1509 935 1590 vulgo
957 1508 1105 1584 traditur,
1130 1527 1171 1573 ex
1195 1504 1267 1571 *ἐκ-

143 1605 272 1689 πλαγος
293 1603 451 1688 prodiisse
472 1612 559 1670 reete
580 1606 713 1671 monuit.

230 1706 258 1767 2.
282 1704 333 1768 De
354 1702 519 1768 nasalibus

143 1820 249 1882 pauoa
270 1801 375 1865 habeo
397 1819 480 1881 quae
501 1819 660 1882 moneam,
684 1821 748 1865 non
767 1801 842 1882 quia
856 1819 930 1864 raro
945 1799 1096 1881 exempla
1111 1799 1270 1882 reperian-

144 1905 204 1979 tur,
229 1916 312 1980 quae
333 1898 395 1962 huo
417 1897 611 1980 pertineant,
636 1897 693 1963 sed
716 1898 801 1980 quia,
823 1904 857 1962 ut
879 1896 1014 1979 probum
1037 1904 1070 1962 et
1091 1903 1215 1961 neotum
1234 1895 1269 1961 de

143 1996 280 2078 singulis
302 1994 454 2060 iudicium
476 1994 690 2078 proferremus
710 2015 763 2061 res
785 1995 882 2059 altius
903 1992 1081 2077 repetenda
1105 2001 1139 2058 et
1154 1994 1271 2059 deillis

60 2101 62 2108 '
144 2092 327 2174 nasalibus,
362 2111 444 2174 quae
477 2093 618 2157 maxime
638 2093 672 2157 in
695 2093 913 2176 praesentium
936 2091 1087 2174 stirpibus
1112 2091 1271 2157 adhibitas

143 2190 300 2271 videmus,
317 2189 535 2272 quaerendum
552 2196 647 2255 esset.
684 2191 809 2255 Primus
823 2189 973 2254 Knhnius
988 2189 1054 2278 KZ.
1071 2189 1116 2270 ΙΙ,
1135 2191 1197 2254 469
1210 2209 1271 2271 sqq.

143 2287 219 2354 illas
248 2289 378 2353 nasales
406 2287 441 2352 in
470 2287 662 2369 quibusdam
690 2288 843 2370 stirpibus
866 2305 884 2352 e
906 2285 1027 2351 suffixis
1052 2292 1115 2367 (aa,
1139 2307 1182 2348 aa
1205 2293 1272 2358 eet.)

144 2385 316 2451 metathesi
338 2384 531 2468 antioipatas
553 2404 624 2450 esse
646 2385 812 2450 contendit
831 2384 940 2465 itaque
962 2404 989 2450 e.
1013 2403 1042 2466 g.
1066 2403 1128 2450 sor.
1150 2377 1272 2446 libi-aa-

145 2483 231 2562 d-ma',
253 2482 310 2546 lat.
325 2481 470 2544 suiad-o
493 2502 565 2546 oum
585 2501 633 2565 gr.
651 2481 826 2568 σκίό-νημι
848 2481 891 2545 ad
904 2481 1047 2545 termam
1070 2479 1275 2543 *sled-nami

144 2578 252 2644 redire
273 2578 393 2644 statuit.
437 2579 559 2643 Kuhnii
582 2579 773 2644 sententiam
790 2579 975 2644 Sohleioher
997 2579 1126 2661 (oomp.⁸
1148 2601 1179 2662 p.
1205 2582 1273 2652 752)

145 2676 201 2740 alii
225 2675 325 2744 seouti
346 2683 436 2757 sunt,
467 2676 651 2760 nuperrime
672 2676 744 2741 Joh.
769 2675 963 2741 Schmidtins
984 2676 1019 2738 in
1041 2675 1125 2740 libro
1149 2677 1274 2759 saepius

144 2772 279 2839 laudato
300 2794 331 2855 p.
356 2777 396 2839 30
412 2793 482 2855 sqq.
506 2781 606 2839 totam
627 2793 695 2839 rem
716 2773 846 2838 uberius
864 2773 1021 2837 tractavit.
1059 2774 1092 2837 Is
1108 2773 1274 2855 epenthesi

146 2869 286 2952 quadam
317 2871 414 2936 etiarn
444 2871 604 2954 duplieem
632 2873 779 2937 nasalem
811 2870 958 2935 adhiberi
991 2870 1135 2952 potuisse
1168 2869 1274 2952 τύμπ-

144 2992 245 3032 atu-v
260 2968 429 3049 vobabulo,
445 2968 531 3050 quod
547 2977 596 3034 est
615 2991 672 3053 pro
686 2967 881 3048 τύπ-ανο-ν,
897 2974 930 3032 et
945 2967 1102 3033 similibus
1119 2968 1274 3052 exemplis

147 3065 367 3131 demonstrare
393 3066 514 3131 studuit
540 3066 719 3149 eademque
748 3067 873 3131 ratione
901 3062 1078 3147 *λαμβάνω
1106 3084 1149 3130 ex
1173 3067 1273 3148 *λαβ-

147 3185 233 3226 αν-ω
250 3169 316 3228 'oet
340 3169 410 3227 orta
431 3164 565 3246 putavit.

145 3300 146 3305 κ
232 3259 298 3325 Has
320 3261 416 3343 igitur
437 3261 643 3343 quaestiones
665 3280 736 3326 oum
759 3261 832 3326 aliis
857 3259 1098 3342 quaestionibus
1129 3263 1272 3327 constriu-

146 3364 197 3422 tas
219 3377 284 3422 non
311 3377 417 3423 meum
447 3365 495 3423 est
522 3358 584 3423 hoo
612 3358 683 3423 looo
713 3359 891 3424 absolvere.
951 3357 1020 3422 Hoe
1055 3379 1156 3422 unum
1193 3359 1275 3423 addo

147 3455 258 3537 aliqua
286 3474 326 3520 ex
358 3461 450 3538 parte
483 3455 640 3521 rationem
672 3475 759 3539 eam,
797 3476 892 3538 quarn
916 3454 1110 3521 Schmidtius
1149 3465 1277 3522 auetore

147 3551 279 3617 Kuhnio
301 3553 382 3632 iniit,
405 3551 502 3618 valde
525 3553 726 3635 probabilem
748 3552 861 3619 videri.
906 3551 991 3631 Quin
1012 3553 1110 3634 igitur
1133 3554 1193 3621 ille
1209 3574 1237 3620 e.
1249 3574 1276 3637 g.

149 3647 366 3730 σχινδαλιμός
394 3670 525 3733 prorsus
552 3656 639 3715 recte
666 3649 709 3714 ad
738 3657 776 3715 st.
801 3649 921 3715 σκιόνα
944 3649 1126 3735 (auidaque)
1150 3652 1276 3730 referat,

148 3766 214 3809 non
236 3745 358 3828 dubito,
380 3767 440 3812 neo
461 3748 556 3812 aliter
578 3749 633 3812 lat.
646 3746 780 3830 suadas,
804 3767 851 3829 gr.
875 3743 1007 3826 πύνὸαξ
1028 3745 1127 3825 (Ourt.
1153 3771 1185 3834 p.
1209 3753 1279 3827 247)

149 3839 193 3906 ad
223 3843 435 3926 antiquiorem
456 3844 591 3910 formam
614 3844 811 3908 *blaudi-aa-
833 3845 883 3923 (of.
906 3865 965 3910 ser.
990 3845 1169 3924 budh-aas)
1192 3868 1280 3914 revo-

149 3938 255 4004 oanda
276 3960 347 4006 esse
369 3947 456 4024 puto.
500 3940 552 4006 Ad
574 3941 731 4008 eiusmodi
753 3949 861 4008 autern
883 3943 1106 4026 exemplorum
1135 3944 1282 4010 similitu-
