2828 4776
90 361 134 417 De
153 377 281 418 sonorum
300 360 497 428 effectionibus
516 377 585 430 quoe
602 360 788 430 percipiuntur
805 361 832 414 in
851 361 912 415 dial.
932 360 1092 416 neolocrica.
1130 357 1192 418 359

60 532 201 616 βολεύς,
232 534 366 617 dzoyriri
396 555 453 617 pro
485 532 651 617 ὁιαγρεύς.
697 534 780 599 Urbs
803 532 960 614 quaedam
984 531 1194 598 Macedoniae

62 631 249 696 nominatur
271 630 424 694 Kodzo'ni
443 631 513 698 sine
536 631 632 698 dubio
656 651 712 714 pro
736 629 895 717 Κωὸιανή
920 650 960 697 ex
979 630 1112 712 κώδιον,
1136 656 1193 717 pro

61 727 216 816 τερηδών
237 729 364 794 auditur
386 729 511 801 trizoni,
535 751 592 812 pro
610 729 716 816 δῆμος
731 729 861 791 dzr'rrros.
898 729 1063 795 Interdum
1086 739 1194 798 autem

60 827 181 893 eadem
210 826 344 891 mutatio
372 828 425 891 vel
448 833 524 892 ante
547 849 565 889 a
587 829 734 893 vocalem
757 825 899 891 efficitur.
936 823 1082 910 Άὸάμος
1109 831 1194 895 enim

60 945 122 1008 per
145 925 337 1008 aphaeresin
366 924 487 990 vocalis
509 924 642 992 initialis
671 926 759 990 velut
789 923 932 995 declinas,
963 924 1095 1006 ὁαμάλα
1119 925 1194 1011 (δά-

60 1021 165 1105 μαλις
188 1029 228 1088 et·
241 1023 328 1105 apud
344 1023 478 1087 Theoer.
504 1020 647 1108 δαμάλη)
669 1025 758 1089 velut
773 1024 928 1106 deamata,
954 1023 1043 1107 ὁὸρξ,
1069 1023 1193 1108 ὄορκάς

60 1121 155 1185 velut
175 1120 377 1198 zarlrrldilorr)
400 1125 503 1185 sonat.
529 1184 532 1193 ,

152 1218 212 1283 Hie
234 1217 386 1283 transitus
408 1238 559 1284 sonorum
581 1216 669 1282 haud
693 1218 789 1283 dubie
812 1219 876 1283 iam
900 1226 1038 1286 exeunte
1060 1220 1195 1302 antiqui-

60 1322 132 1381 tate
150 1315 218 1381 fieri
238 1315 352 1397 eoepit,
376 1323 604 1398 quo-tempore
628 1313 646 1378 ὁ
670 1316 836 1398 antiquum
859 1319 1046 1401 explosivae
1067 1319 1194 1383 litterae

60 1433 179 1479 sonum
202 1413 369 1490 servabat,
395 1434 470 1478 uam
493 1413 655 1493 fricativa,
685 1434 768 1496 quae
790 1422 903 1497 postea
925 1416 958 1479 in
981 1417 1085 1480 loeum
1108 1415 1194 1480 illius

60 1511 237 1578 substituta
260 1517 316 1590 est,
342 1531 403 1592 quo
425 1511 521 1575 modo
544 1511 576 1575 in
597 1510 636 1573 uz
653 1513 832 1577 transiisset
848 1513 902 1576 vix
916 1513 1060 1595 intellegi
1076 1522 1193 1597 posset.

60 1611 171 1691 Atque
192 1608 285 1672 initia
307 1597 465 1691 quaedam
488 1609 553 1673 iam
575 1609 782 1674 inveniuntur
811 1609 844 1673 iu
867 1610 978 1692 lingua
1000 1618 1125 1691 vetere,
1154 1610 1192 1676 ef.

62 1705 147 1791 ζόρξ
160 1707 214 1771 vel
230 1703 312 1789 ὁὸρξ
326 1707 424 1788 (quod
440 1707 534 1771 modo
551 1707 881 1801 oommemoravimusl
898 1716 930 1773 et
945 1710 1112 1775 notissima
1126 1709 1192 1790 illa,
1298 1786 1301 1791 ,

61 1812 99 1870 ut
121 1802 211 1880 Ζεύς
231 1824 274 1869 ex
296 1804 405 1869 radiee
428 1805 478 1866 dio
502 1802 602 1882 (διης
628 1803 766 1885 χθιζός,
797 1803 971 1891 ἀρίζηλος,
1003 1807 1070 1872 alia
1093 1803 1192 1889 (Ourt.

61 1905 113 1969 m.
138 1903 189 1966 Et.
212 1923 244 1986 p.
269 1898 451 1985 eea—566)
482 1907 514 1966 et
544 1919 626 1981 quae
649 1902 776 1966 Alrreus
798 1924 828 1984 p.
853 1907 893 1967 lss
921 1904 1029 1968 attulit
1059 1924 1099 1969 ex
1129 1904 1194 1970 diu-

59 2003 148 2067 leeto
169 1999 321 2065 lesbiaea.

151 2103 182 2173 4)
227 2097 399 2162 Praeterea
432 2094 601 2160 zetaoismo
623 2095 657 2158 in
680 2095 818 2161 dialeeto
841 2096 960 2161 loorioa
992 2105 1068 2164 ante
1091 2101 1104 2160 i
1125 2107 1194 2165 ete
1297 2162 1299 2166 Α

61 2199 200 2266 affeotae
229 2201 304 2263 sunt
332 2201 457 2259 veteres
486 2192 663 2274 gutturales
691 2215 740 2276 77,
771 2213 853 2275 quae
881 2195 978 2261 hodie
1006 2197 1194 2279 plerumque

61 2297 156 2363 velut
177 2295 216 2377 η]
234 2291 434 2377 pronuntiari
459 2292 572 2355 solent.
618 2289 677 2355 Hie
701 2310 826 2372 quoque
849 2291 973 2358 medius
991 2292 1110 2375 gradus
1126 2303 1195 2360 erat

62 2394 138 2478 adj:
170 2389 326 2476 ἄγγελος,
351 2388 487 2473 (insoles,
512 2387 662 2471 rindjelos‚
689 2387 765 2453 loor.
790 2388 946 2465 uudzelos.
992 2387 1114 2473 ἀγγίὸα
1138 2391 1193 2475 (=

62 2489 162 2574 ἆκίς)
191 2489 287 2572 vulgo
310 2508 330 2553 a
351 2487 462 2551 Locris
484 2484 708 2568 pronuntiatur
738 2484 887 2568 onustos,
917 2486 1004 2572 unde
1026 2489 1193 2552 orzdzilbuo
1274 2551 1277 2554 .

62 2620 106 2640 =
129 2605 284 2670 pungere.

153 2689 183 2763 5)
228 2684 376 2765 Denique
399 2683 681 2747 commemoranda
704 2692 753 2749 est
775 2682 908 2748 mutatio
932 2682 1049 2748 veteris
1067 2683 1194 2751 mediae

62 2788 85 2866 β
115 2783 149 2847 in
180 2780 199 2845 o
227 2780 261 2845 in
293 2779 431 2845 dialeoto
461 2780 588 2844 looriea.
635 2781 718 2844 Nam
746 2781 827 2846 haee
856 2800 981 2863 quoque
1011 2780 1193 2848 dentalismi

63 2879 190 2962 speeies
213 2885 270 2943 est.
315 2878 455 2944 Medium
486 2877 570 2942 enim
600 2878 735 2959 gradum
764 2879 939 2943 substituas
968 2899 1082 2943 sonum
1110 2899 1195 2944 nuno

63 2977 290 3061 pervulgatum
313 2998 340 3057 v,
365 2976 427 3058 qui,
452 2992 555 3055 aeque
569 2981 667 3056 atque
681 2976 871 3056 gutturales,
895 2976 929 3039 in
945 2975 1192 3042 interdentalem

65 3073 293 3139 &immutatus
317 3080 374 3137 est.
418 3073 530 3152 Itaque
552 3071 709 3136 habemus
738 3093 794 3154 pro
824 3079 933 3137 vetere
965 3077 1058 3157 βῆμα
1087 3072 1192 3154 ojano,

65 3170 161 3249 ojz‘ma
184 3168 281 3235 hodie
299 3168 398 3240 eima·
422 3167 485 3251 (ijo,
512 3167 665 3245 &jezoma
691 3167 826 3250 ‹ijustr'lrri
848 3190 906 3250 pro
929 3173 998 3249 βία,
1021 3166 1193 3251 βιάζομαι,

62 3273 250 3352 βιαστικιῦς
280 3267 423 3344 (Passer.
446 3265 556 3348 popul.
580 3284 675 3329 earm.
699 3272 769 3346 gr),
797 3263 921 3347 ejulata
950 3268 1009 3346 (gr.
1032 3263 1107 3347 ἴον),
1139 3268 1194 3339 lat.

62 3367 165 3443 viola,
188 3365 255 3429 ital.
279 3364 423 3442 etoleno,
447 3369 617 3445 praeterea
640 3361 717 3439 ‹ljolz'
740 3393 778 3413 =
801 3361 868 3425 ital.
892 3363 1025 3436 violeum
1056 3363 1194 3445 denique

62 3484 122 3547 pro
152 3459 356 3546 βούκεντρον
388 3459 545 3534 ὄίΙεόηῑνί,
575 3460 628 3525 ubi
659 3481 678 3521 u
706 3458 748 3523 ad
778 3459 791 3520 z·
817 3460 962 3524 vocalem
995 3459 1059 3528 iam
1094 3482 1194 3546 prope

61 3558 240 3628 aooessisse
277 3557 456 3642 putandum
491 3564 555 3639 est,
593 3564 765 3638 antequam
802 3575 983 3622 consonans
1018 3561 1041 3639 β
1077 3559 1192 3623 mutari

61 3657 214 3743 potuerit.
