2828 4776
144 339 205 403 132
625 339 797 410 Siccismuud

141 516 183 581 ab
206 514 365 598 anaptyxi
392 512 551 578 vocalium
579 499 811 589 comedamus,
844 519 952 578 tamen
986 510 1164 595 posteriore
1195 518 1268 579 teu-

142 632 220 696 pore
253 610 388 696 perinde
418 616 515 693 atque
547 610 582 674 in
615 611 730 675 ceteris
762 609 934 694 generibus
968 607 1050 673 illud
1078 609 1268 693 properandi

142 708 282 775 studium
297 708 468 792 plurimum
483 707 625 773 valuisse
640 707 870 775 existimamus.
902 708 947 773 Ut
960 706 1107 789 igiturin
1118 703 1268 792 Ἄρτεμις

141 841 185 852 -
203 804 360 891 Ἄτρεμις
386 829 404 889 ρ
429 805 556 870 litterae
582 823 654 869 cum
675 829 694 868 τ
717 804 1025 886 commutationem,
1043 823 1116 868 cum
1138 805 1268 889 primum

142 902 241 986 fieret,
263 925 327 970 uno
344 903 498 987 temporis
512 906 677 967 momento
696 901 814 968 factam
836 921 908 969 esse
929 892 1066 984 constat,
1088 901 1137 967 ita
1156 908 1268 986 τέτρα-

141 1024 200 1078 τος
216 1021 257 1068 ex
270 1007 440 1084 τέταρτος,
464 997 607 1084 ἔδρακον
631 1019 672 1065 ex
694 998 839 1084 ἔδαρκον
861 1000 931 1065 sim.
954 1035 996 1044 -
1020 1017 1103 1081 quae
1125 1019 1197 1065 sero
1215 998 1268 1065 ad-

141 1098 272 1170 modum
293 1097 497 1183 metathesim
519 1117 617 1180 passa
638 1104 712 1162 sunt
733 1134 776 1142 —
797 1096 903 1163 subito
930 1102 978 1177 et,
1012 1103 1047 1160 ut
1079 1096 1125 1161 ita
1159 1095 1268 1178 dicam,

143 1196 213 1262 siue
234 1196 426 1279 ambagibus
447 1194 578 1278 prodire
597 1199 779 1279 potuerunt.
1221 1220 1224 1226 ·

227 1293 298 1359 Iam
319 1293 414 1359 facile
433 1292 529 1359 vides
550 1312 619 1358 rem
636 1292 734 1358 aliam
750 1311 821 1359 esse
835 1292 870 1356 in
884 1291 1019 1356 initiis
1034 1291 1269 1357 vocabulomn.

141 1389 193 1456 Ibi
216 1390 302 1455 enim
324 1409 396 1456 cum
417 1390 527 1456 littera
548 1389 725 1473 anticipata
753 1410 819 1454 non
846 1389 996 1470 haberet,
1026 1408 1089 1470 quo
1118 1408 1154 1454 sc
1182 1389 1269 1454 accli-

142 1493 250 1568 naret,
285 1478 359 1553 cum
385 1487 549 1554 rarissime
576 1489 698 1553 vocalis
728 1507 800 1553 cum
828 1485 953 1568 liquida
980 1487 1034 1551 vel
1059 1486 1165 1552 nasali
1192 1490 1269 1552 con·

30 1668 34 1678 Ι
143 1590 267 1649 mutata
288 1591 353 1667 est,
385 1591 453 1650 tum
475 1571 574 1666 illud,
602 1585 657 1651 ubi
680 1591 819 1661 constat,
847 1604 914 1649 non
936 1583 1041 1649 subito
1062 1583 1182 1648 lactum
1203 1601 1269 1650 esse

143 1681 354 1765 probabiliter
382 1683 616 1766 suspicabimur
643 1683 801 1764 itaquae.
824 1701 855 1763 g.
878 1675 1019 1765 ἁρπάζω
1042 1700 1084 1746 ex
1109 1680 1269 1768 *ῥαααζνι

105 1815 107 1820 ·
143 1780 267 1861 (=·t
219 1780 275 1845 lat.
304 1780 408 1864 rupto)
437 1799 496 1862 per
523 1779 678 1845 termas
670 1787 718 1845 mt
705 1777 949 1846 termedias*o
932 1773 1092 1862 ἆραπαζω
1114 1774 1269 1860 -*ἆρν-

142 1875 240 1956 καζω
262 1875 421 1960 prodiisse
442 1883 627 1942 statuemus.
671 1877 736 1943 Sed
759 1877 800 1943 de
822 1878 882 1942 hoc
898 1884 930 1943 et
944 1876 1103 1943 similibus
1118 1874 1270 1980 exemplis

141 1974 177 2039 iu
199 1979 234 2052 §
243 1979 280 2037 11
305 1975 486 2041 accuratius
507 1973 670 2058 agendum
692 1975 762 2040 erit

229 2070 431 2139 Creberrima
468 2091 507 2138 ea
523 2073 696 2156 exempla
732 2079 822 2153 sunt,
863 2073 898 2135 in
935 2070 1050 2153 quibus
1087 2078 1125 2136 et
1162 2089 1270 2155 prae-

105 2187 108 2194 ·
143 2167 383 2252 cedentet
344 2176 383 2236 et
410 2175 608 2252 sequente
635 2190 815 2236 consona
842 2169 1002 2252 liquida
1030 2169 1096 2234 vel
1118 2169 1270 2234 nasalis

142 2267 279 2332 vocali
303 2268 587 2351 praeponitur,
613 2268 760 2338 velutin
780 2266 915 2350 κ-αρ-δί
917 2291 938 2331 α
960 2303 1002 2312 -—
1025 2265 1226 2348 κ-ρα-ὁία
1203 2285 1270 2332 sun.

145 2363 224 2430 Oum
246 2384 323 2430 vero
345 2365 379 2428 in
400 2365 451 2430 his
473 2356 623 2448 syllabae
647 2370 746 2430 antea
767 2365 928 2447 positione
948 2364 1067 2445 longae
1089 2371 1220 2446 apertae
1239 2367 1270 2428 et

143 2463 332 2544 plemmque
362 2462 476 2527 breves
506 2461 663 2541 evadant,
693 2461 728 2525 in
758 2462 819 2527 boe
847 2481 973 2545 quoque
995 2479 1114 2543 genere
1136 2461 1270 2526 studium

144 2556 227 2623 illud
263 2558 383 2624 formas
415 2559 580 2641 graviores
613 2559 807 2625 sublevandi
840 2568 872 2625 et
904 2557 1104 2626 exonerandi
1125 2556 1270 2641 —quod

143 2654 230 2720 idem
253 2674 380 2739 semper
400 2655 434 2720 in
456 2655 569 2737 lingua
589 2657 701 2722 valere
726 2655 873 2722 videmus
894 2693 937 2702 -
959 2656 1170 2738 cognoscitur.
1212 2657 1270 2720 lta-

144 2770 206 2833 que
228 2752 325 2817 etiam
348 2753 409 2819 hcc
429 2753 656 2837 intellegimus,
680 2753 839 2836 quomodo
861 2754 929 2821 ficri
950 2743 1098 2838 potuerit,
1121 2760 1157 2818 ut
1179 2760 1270 2820 meta-

143 2849 245 2915 thesis
266 2852 508 2933 nonnumquam
530 2851 646 2916 admitt
633 2857 753 2918 teretur
770 2850 826 2916 ubi
841 2851 1019 2916 litterarum
1035 2851 1271 2917 coniunctiones

143 2947 352 3029 pronuntiatu
380 2946 588 3014 difficillimae
621 2948 845 3014 nascebantur.
889 2948 943 3013 Sic
974 2946 1098 3031 βροτός
1130 2947 1271 3014 mortalis

143 3044 382 3110 i--ntericota
409 3045 498 3111 haud
526 3045 667 3112 dubiel
666 3065 755 3114 orma
790 3042 1039 3128 *(111μβροτος
1038 3071 1098 3110 ,α
1081 3042 1270 3130 -μβροτοςῐ

108 3153 110 3156 ’
144 3159 185 3206 ex
214 3138 355 3225 μορτός,
392 3141 479 3224 βλάξ
510 3143 606 3209 simili
643 3143 738 3208 modo
775 3161 816 3208 ex
852 3142 1015 3224 *pate-9,
1052 3143 1169 3230 ῥοφέω
1205 3147 1270 3227 (pro

144 3235 322 3324 *σροφεω)
346 3258 386 3305 ex
415 3247 577 3328 *coequato
601 3240 799 3315 t=sorbeo)
822 3240 1008 3317 simcti.
1033 3245 1106 3306 411.
1130 3245 1172 3306 48
1194 3239 1270 3323 sqq)

144 3333 349 3417 prodierunt,
387 3356 458 3401 cum
491 3336 555 3402 iam
586 3362 647 3422 μρ,
680 3335 739 3419 pt,
774 3359 815 3420 ορ
842 3337 985 3419 alioquin
991 3246 1063 3401 §vix
1084 3357 1217 3421 usquam
1235 3335 1271 3399 iu

144 3433 373 3506 venabulorum
387 3434 487 3500 initiis
510 3425 786 3517 coniungerentur.
830 3434 937 3500 Etiam
960 3435 1074 3500 mirum
1097 3443 1156 3518 est,
1179 3430 1265 3518 quod,

145 3534 217 3595 cum
249 3529 391 3597 nasales'
410 3531 514 3596 rarius
552 3542 648 3613 quam
674 3524 818 3614 liquidae
857 3533 1061 3598 metathesim
1099 3533 1268 3620 patiantur,

142 3624 305 3700 interdum
337 3627 472 3694 tortasse
504 3648 563 3711 pro
591 3649 612 3690 ο
633 3628 815 3694 adulterino
848 3631 902 3696 vel
930 3627 975 3702 ni,
1010 3627 1097 3712 quod
1128 3630 1268 3695 vocalem

82 3780 85 3786 .
144 3724 353 3808 sequebatur,
381 3724 522 3792 dentalis
543 3727 667 3792 nasalis
688 3726 874 3809 praeposita
896 3735 962 3808 est,
985 3726 1104 3792 velut
1095 3747 1130 3791 1n
1153 3732 1268 3833 κνῆκος

145 3840 204 3905 pro
226 3818 395 3894 *buado-,s
419 3829 547 3910 κνέφας
570 3845 629 3906 pro
651 3821 831 3907 Qsdampos
854 3831 926 3901 v.§
909 3776 979 3901 §9
1012 3822 1110 3903 Quod
1128 3817 1268 3906 quamvis

145 3934 164 3980 e
185 3919 361 3984 rationibus
384 3920 613 4018 physiologicis
630 3919 763 3986 difficile
779 3927 827 3986 est
841 3920 1016 4004 intellectu,
1040 3928 1149 3988 tamen
1163 3909 1268 4002 negari
