2828 4776
167 345 230 407 432
291 376 293 380 ·
683 350 791 405 Curtius

168 540 253 586 nune
269 520 397 586 demum
412 523 559 588 effectum
575 529 633 604 est,
650 529 685 587 ut
700 542 782 605 quae
797 524 838 589 sit
853 524 1009 590 sermonis
1024 525 1159 590 humani
1173 532 1288 606 natura,

170 639 253 703 quae
274 618 425 702 gentibus
440 618 483 684 ad
497 619 667 703 imperium
683 621 768 685 orbis
783 620 940 687 terrarum
958 621 1130 688 destinatis
1144 621 1178 685 in
1193 622 1289 691 verbis

171 718 403 798 verborumque
432 715 542 781 formis
570 717 745 799 antiquitus
768 720 949 784 communia
970 718 1103 801 inerint,
1134 721 1292 802 aliquanto

171 815 266 881 nobis
295 815 474 879 accuratius
509 812 698 896 cognovisse
726 814 902 881 videamur.
954 815 1060 894 Quare
1088 836 1184 882 nemo
1217 836 1294 881 nunc

172 913 232 979 erit
253 911 350 995 paulo
373 911 534 992 eruditior,
558 910 612 992 qui
633 911 752 978 formas
774 914 929 979 sermonis
951 915 1181 996 grammaticas
1203 913 1296 980 homi·

172 1034 248 1079 num
270 1012 417 1078 acumine
440 1015 472 1076 et
493 1007 655 1090 cogitandi
678 1009 856 1077 subtilitate
877 1011 1033 1095 paulatim
1056 1011 1211 1078 inventas
1234 1031 1298 1078 esse

173 1110 343 1196 putaverit.
387 1107 506 1174 Omnes
529 1104 708 1171 concedunt
730 1108 927 1191 temporibus
956 1108 997 1173 ab
1027 1110 1116 1174 omni
1138 1109 1298 1174 hominum

172 1207 325 1275 memoria
347 1206 477 1272 remotis
500 1223 540 1269 ex
562 1202 693 1285 ingenio
715 1205 873 1283 humano,
903 1206 994 1289 quasi
1017 1226 1058 1272 ex
1080 1227 1162 1289 agro
1185 1207 1299 1271 inculto

174 1307 303 1390 quidem
339 1304 397 1371 sed
426 1321 484 1369 sua
511 1307 626 1365 natura
653 1300 865 1384 fertilissimo,
903 1304 1096 1369 uberrimam
1134 1305 1300 1370 verborum

174 1404 367 1487 dicendique
389 1402 561 1466 formarum
584 1397 709 1481 copiam
731 1401 871 1465 naturali
900 1401 1039 1483 quadam
1073 1401 1105 1466 vi
1136 1421 1211 1468 esse
1239 1423 1301 1485 pro·

174 1501 335 1585 genitam,
363 1517 537 1582 quaecum
561 1514 619 1578 per
641 1495 771 1578 longam
794 1500 995 1564 saeculorum
1017 1499 1136 1569 seriem
1159 1506 1304 1565 accurate

175 1603 366 1665 conservata
394 1602 493 1676 esset,
524 1599 630 1658 aetate
663 1593 762 1675 longe
790 1597 968 1678 posteriore
997 1617 1069 1663 eum
1097 1618 1196 1663 usum
1223 1597 1305 1661 inve-

134 1690 136 1695 ’
175 1697 274 1777 nerit,
305 1713 399 1777 quem
426 1693 460 1757 in
490 1691 684 1757 Graecorum
715 1692 855 1758 maxime
876 1694 1159 1776 Romanorumque
1182 1695 1307 1778 scriptis

175 1792 381 1859 admiramur.
426 1789 517 1868 Quae
539 1807 609 1852 cum
633 1788 678 1853 ita
700 1789 774 1869 sint,
797 1789 916 1856 formas
931 1793 1170 1874 grammaticas,
1196 1793 1307 1874 quibus

177 1889 293 1957 Graeci
308 1888 509 1970 Romanique
530 1886 633 1968 magis
657 1905 752 1966 quam
776 1906 835 1953 nos
857 1888 1036 1971 abundant,
1059 1889 1180 1956 Graeci
1203 1907 1307 1954 rursus

179 1986 333 2053 Romanis
348 1991 524 2069 praestant,
547 2005 612 2049 non
627 1983 669 2048 ab
686 1983 737 2049 bis
754 1982 844 2050 fictas
867 1986 919 2052 vel
939 1988 1150 2069 excogitatas,
1175 1987 1238 2053 sed
1253 2007 1307 2053 ser·

178 2092 271 2150 ratas
299 2091 396 2165 atque
424 2082 467 2148 ad
489 2088 609 2148 certam
638 2079 748 2146 utendi
776 2103 922 2149 nonnam
945 2083 1082 2150 directas
1106 2104 1181 2150 esse
1206 2104 1307 2151 oense

177 2182 293 2247 bimus.
337 2181 450 2263 Itaque
465 2200 548 2263 quae
563 2181 640 2246 olim
655 2182 755 2248 solius
770 2182 963 2247 Graecorum
986 2181 1146 2248 sermonis
1161 2183 1308 2266 propriae

180 2299 251 2346 esse
266 2278 468 2361 videbantur,
486 2278 601 2361 dualis,
618 2279 763 2363 optativi,
779 2280 890 2344 coristi
902 2278 1032 2358 formae,
1046 2297 1159 2344 earum
1174 2281 1308 2362 vestigia

174 2377 245 2460 jam
267 2396 332 2441 non
354 2381 478 2439 tantum
500 2376 587 2459 apud
609 2377 718 2459 Indos,
748 2375 806 2442 sed
829 2376 927 2443 etiam
950 2375 1037 2459 apud
1059 2375 1144 2441 alias
1165 2377 1309 2460 ejusdem

180 2472 314 2556 originis
336 2480 449 2555 gentes
470 2473 604 2539 inventa
626 2481 710 2540 sunt.
755 2474 839 2539 Nam
855 2480 889 2537 ut
903 2473 1081 2556 optativum
1095 2482 1310 2558 praeteream,

181 2572 234 2655 qui
263 2570 345 2635 nulli
374 2588 482 2634 earum
512 2570 553 2636 de
582 2571 696 2653 quibus
726 2572 797 2636 dico
826 2571 1008 2653 linguarum
1045 2592 1180 2655 prorsus
1215 2574 1311 2654 deest,

180 2668 301 2733 aoristo
324 2666 519 2731 Graecorum
542 2688 624 2749 quae
647 2668 880 2754 respondeant,
910 2674 942 2734 et
963 2669 996 2732 in
1017 2667 1133 2751 lingua
1156 2671 1312 2737 sanserita

182 2765 268 2832 etin
291 2763 509 2829 vetustissima
531 2766 707 2831 Slavonum
741 2766 877 2832 dialecto
900 2765 1119 2849 reperiuntur,
1152 2775 1185 2834 et
1208 2790 1230 2834 a
1252 2769 1312 2850 qui·

181 2862 320 2928 busdam
342 2861 395 2926 rel
417 2860 451 2924 in
474 2860 706 2929 Germanorum
735 2883 882 2929 sermone
912 2863 1090 2944 antiquiore
1118 2866 1312 2932 remansisse

182 2965 344 3044 putantur.
372 2956 464 3023 lam
493 2976 568 3023 vero
599 2979 671 3025 cum
704 2962 801 3045 plane
830 2960 1031 3044 exploratum
1060 2962 1104 3026 sit
1127 2962 1310 3030 Italicarum

181 3057 324 3142 gentium
347 3075 486 3140 proavos
515 3057 612 3140 longe
642 3058 761 3124 diutius
785 3078 855 3123 enm
882 3057 1092 3140 Graecorum,
1124 3080 1224 3141 quam
1247 3081 1310 3127 eum

182 3155 320 3220 aliarum
341 3153 508 3221 nationum
530 3156 706 3238 majoribus
732 3155 819 3222 ritae
842 3155 1060 3238 sermonisque
1089 3160 1312 3224 communione

183 3253 281 3318 luisse
304 3250 503 3333 conjunctos,
533 3251 713 3318 mirandum
735 3253 801 3319 fere
825 3259 925 3328 esset,
954 3252 1017 3318 nisi
1044 3255 1210 3334 quaedam
1233 3263 1313 3322 certe

185 3351 281 3416 etiam
310 3349 343 3412 in
372 3349 526 3414 Italorum
554 3349 673 3433 linguis
706 3357 910 3417 servarentur
942 3350 1080 3433 vestigia
1115 3371 1230 3417 earum
1258 3354 1311 3418 ior-

186 3467 318 3523 marum,
342 3466 422 3527 quas
444 3447 645 3528 grammatici
667 3447 773 3530 graeci
797 3447 957 3512 communi
978 3449 1171 3515 acristorum
1187 3452 1312 3516 nomine

185 3542 459 3631 comprehendere
481 3543 596 3609 solent.

140 3647 178 3696 1v
273 3639 342 3706 Nec
364 3639 542 3722 defuerunt,
566 3641 620 3722 qui
642 3641 773 3723 linguae
795 3642 917 3708 latinae
935 3642 1088 3707 aoristnm
1104 3645 1310 3711 vindicarent.

188 3736 421 3821 sagacissimus
443 3737 528 3803 enim
551 3737 608 3803 ille
630 3738 689 3819 vir,
723 3738 776 3820 qui
798 3745 898 3804 totam
920 3740 1003 3804 hano
1026 3744 1309 3826 comparandarum

186 3835 368 3918 linguarum
390 3834 548 3901 rationem
578 3835 698 3919 primus
720 3837 899 3917 constituit,
927 3835 1071 3921 Boppius
1101 3846 1134 3904 et
1163 3842 1217 3924 qui
1246 3859 1309 3907 eum

188 3934 288 3998 secuti
310 3940 383 3998 sunt
404 3932 582 4018 Benaryus,
605 3932 818 4015 Auireehtius‚
841 3934 907 4017 alii,
931 3934 1066 4018 perfecti
1081 3936 1176 4003 latini
1200 3938 1311 4005 formas
