2828 4776
490 353 523 408 de
541 354 684 410 metathesi
701 369 806 424 graeca.
842 416 848 421 ,

282 522 517 612 Ἀρταφρένης
538 525 685 592 ἔκτεινεν
709 524 836 604 ἐσθλὸς
859 525 894 593 ἓν
920 526 1048 610 δόμοις,

283 628 405 710 φρένες
427 621 490 706 γὰρ
514 619 616 687 αὐτοῦ
633 621 745 704 θυμὸν
768 622 1048 712 οἰακοστρόφουν.

112 718 206 785 adem
229 718 330 784 forma
353 726 402 784 est
423 720 456 783 in
473 739 502 784 v.
521 724 581 784 778
598 726 703 802 (quern
719 721 907 788 Dindorlius
921 727 1064 806 spurium
1081 731 1203 801 censet)

284 815 381 893 ἕκτος
404 814 440 882 δὲ
465 815 644 905 Μάραφις,
670 816 816 902 ἕβδομος
841 816 874 884 δ’
897 817 1130 909 Ἀρταφρένης

131 914 166 979 in
188 934 219 978 v.
243 917 299 979 21:
344 911 417 990 οἷος
433 909 612 1001 Ἀμίστρης
634 911 692 1003 ηό’
709 912 947 1005 Ἀρταφρένης.

164 1009 251 1089 Ques
273 1031 385 1077 versus
408 1011 461 1094 qui
484 1013 689 1095 spectaverit,
713 1014 815 1096 primo
839 1016 951 1082 obtutu
970 1012 1203 1102 Ἀρταφρένης

113 1128 214 1172 rmam
239 1107 281 1172 ad
303 1110 389 1175 idem
404 1129 515 1192 genus,
540 1109 580 1174 de
603 1130 665 1191 quo
681 1117 699 1184 t
717 1115 735 1175 6
752 1113 884 1195 egimus,
908 1113 1034 1178 referat.
1058 1112 1123 1178 Sed
1139 1115 1202 1179 iam

112 1207 262 1272 >echhius
285 1205 318 1271 O.
341 1207 365 1271 l.
389 1213 411 1270 t.
435 1208 466 1271 ΙΙ
489 1229 520 1290 p.
546 1212 605 1271 117
635 1209 759 1272 notavit
787 1218 819 1275 et
849 1211 930 1276 hanc
952 1211 1086 1275 formam
1110 1217 1142 1275 et
1164 1211 1204 1274 si·

112 1306 187 1370 ilem
209 1303 417 1391 Ἰνταφρένης
447 1310 516 1388 (pro
536 1300 758 1391 Ἰνταφέρνης)
782 1308 814 1372 in
839 1309 966 1391 optimis
981 1307 1135 1374 Herodoti
1154 1329 1204 1373 oo-

114 1403 207 1468 cibus
236 1403 367 1485 saepius
395 1403 476 1485 legi3
505 1402 579 1466 hinc
609 1421 685 1467 vero
721 1405 902 1486 suspicatus
931 1413 979 1471 est
1007 1407 1202 1488 Aeschylum

112 1505 299 1586 ρταφρένης
327 1499 461 1564 formam
491 1520 555 1564 non
585 1500 678 1563 metri
700 1518 797 1565 causa
819 1501 958 1584 linxisse,
983 1503 1039 1569 sed
1063 1503 1204 1570 Graecos

112 1596 235 1663 usmodi
268 1597 387 1662 formas
419 1617 477 1680 pro
504 1595 635 1679 persicis
667 1596 900 1680 introduxisse,
945 1620 1007 1682 quo
1033 1600 1204 1684 peregrina

112 1695 211 1759 »mina
241 1694 373 1759 Graecis
402 1694 554 1758 similiora
576 1692 738 1774 facerent,
770 1696 912 1760 coniecit.
956 1697 1203 1763 Accuratissime

112 1800 187 1858 rtem
210 1792 242 1856 in
265 1799 364 1856 totam
387 1812 454 1857 rem
474 1791 641 1875 inquisivit
657 1790 808 1873 Steinius,
832 1794 935 1874 quiin
959 1794 1126 1859 ‘Vindiciis
1142 1795 1203 1859 He·

115 1889 228 1954 doteis'
258 1888 397 1963 (Godani
431 1892 523 1965 1858)
554 1909 585 1971 p.
610 1891 627 1950 7
651 1907 720 1970 sqq.
751 1895 783 1953 et
811 1887 852 1954 de
881 1889 1024 1955 codicum
1048 1893 1204 1974 scriptura

113 2008 123 2052 ι
152 1987 316 2069 exposuit,
346 1993 381 2052 ut
408 1987 471 2050 iam
502 1986 592 2050 nulla
622 1984 778 2049 dubitatio
801 2005 872 2050 esse
895 1988 1011 2069 possit,
1036 1996 1067 2054 et
1089 2008 1129 2054 ex
1153 1988 1204 2052 in-

113 2084 308 2167 riptionibus
338 2084 497 2164 cuneatis,
527 2101 609 2164 quae
638 2090 806 2162 vocantur,
838 2084 916 2166 ipsis
938 2084 1045 2150 Persis
1066 2085 1100 2148 iu
1123 2085 1204 2152 cius-

113 2181 167 2246 odi
198 2181 380 2246 nominibus
416 2181 519 2246 solam
548 2178 661 2259 -frccc
696 2180 952 2246 terminationem
983 2181 1203 2258 (lh'ndcfrana

113 2276 361 2364 =lvrucpqscqgl
385 2279 552 2362 probatam
576 2297 647 2343 esse
671 2275 912 2343 demonstravit.
958 2278 1051 2358 Quod
1073 2281 1203 2346 sirecte

113 2377 168 2458 cit,
196 2373 426 2462 Ἀρταφρένης
454 2376 556 2441 torma
588 2374 759 2456 antiquior,
788 2377 950 2461 Aeschylo
980 2383 1012 2442 et
1041 2377 1203 2443 Herodoto

113 2475 207 2553 itata,
231 2480 342 2538 contra
354 2470 585 2560 Ἀρταφέρνης
608 2471 719 2553 forma,
744 2493 826 2555 quae
849 2494 913 2538 una
934 2473 1010 2539 inde
1033 2495 1053 2540 a
1076 2475 1202 2560 Thucy·

114 2572 155 2638 de
190 2577 374 2654 usurpatur,
405 2572 564 2637 recentior
593 2570 661 2637 fuit.
707 2570 835 2637 Certum
864 2578 912 2637 est
940 2572 1144 2639 metathesim
1168 2573 1200 2638 in

113 2669 207 2734 smine
228 2669 398 2751 peregrino
421 2669 546 2733 facilius
570 2675 601 2733 et
623 2668 750 2733 admitti
773 2676 804 2733 et
826 2669 985 2734 communi
1007 2689 1067 2734 usu
1083 2669 1200 2735 firmari

113 2768 228 2832 ciuisse.
804 2786 808 2792 “

162 2863 331 2946 Exempla,
355 2882 436 2944 quae
459 2869 618 2944 secuntur,
642 2864 780 2928 maxime
805 2863 902 2930 dubia
924 2871 1006 2930 sunt.

169 2966 197 3027 7.
213 2959 329 3025 Avium
346 2960 477 3024 nomina
491 2963 608 3041 κέρκος
624 2960 798 3025 (diversum
814 2981 833 3026 a
849 2967 965 3045 κίρκος
980 2961 1129 3042 circus,
1153 2965 1203 3037 §4

122 3062 153 3134 4)
179 3062 211 3122 et
233 3061 327 3144 κρίκη
345 3057 432 3122 haud
448 3056 545 3121 dubie
560 3075 630 3120 curn
649 3056 759 3138 κρίζω,
783 3056 951 3139 ἐ’-κρικ-ον
967 3065 1105 3140 cognata
1121 3063 1203 3121 sunt.

113 3154 270 3220 cFickius
282 3175 313 3236 p.
327 3158 388 3219 353
400 3155 480 3220 haec
491 3155 649 3219 vocabula
660 3174 730 3218 cum
741 3155 853 3218 lituan.
867 3153 983 3238 lclptc'd,
998 3154 1102 3217 lu'rlc'ri
1118 3155 1204 3220 cla-

117 3273 204 3332 are,
231 3254 352 3317 slcven.
369 3251 463 3314 bau
486 3252 651 3332 clamor,
674 3251 784 3317 scaud.
801 3249 907 3312 brileto
923 3250 965 3316 ad
981 3272 1088 3333 europ.
1108 3250 1204 3312 *hrcle

114 3349 250 3415 vocavit.
289 3348 366 3413 Cum
382 3369 458 3414 vero
474 3349 558 3413 hanc
574 3350 714 3415 radicem
730 3369 771 3414 ex
782 3348 962 3430 antiquiore
978 3347 1074 3409 *lrr'rlr
1090 3353 1119 3422 (e
1135 3347 1203 3412 rad.

114 3471 138 3511 tr
166 3448 246 3512 siout
269 3471 349 3530 κερκ
371 3448 404 3511 in
429 3445 564 3528 κερκάς,
590 3452 695 3531 κρέκω
718 3453 777 3512 cot.
801 3464 830 3509 v.
854 3447 873 3522 ξ
896 3451 915 3509 4
938 3467 969 3509 n.
996 3451 1025 3520 1)
1049 3443 1204 3528 prodiisse

114 3543 283 3612 atueudum
313 3547 369 3626 sit,
403 3565 467 3609 non
496 3544 749 3626 improbabiliter
777 3541 920 3623 liquidae
942 3541 1203 3623 anticipationem

114 3641 245 3708 iunctim
257 3639 345 3724 apud
360 3641 629 3724 Slavogermanos
645 3646 676 3705 et
694 3641 739 3718 (in
755 3639 856 3722 κρίζω
870 3643 942 3715 cet.)
959 3636 1047 3721 apud
1063 3639 1203 3704 Graecos

114 3747 205 3820 ctam,
228 3738 262 3803 in
285 3744 401 3823 κίρκος
424 3747 531 3804 autem
555 3744 586 3804 ct
607 3737 720 3800 lituan.
743 3735 847 3798 helio
865 3736 1042 3802 litterarum
1058 3736 1203 3804 ordinem

114 3861 119 3901 ν
152 3835 383 3916 antiquissimis
413 3836 608 3918 temporibus
637 3832 788 3898 traditum
817 3853 888 3899 esse
917 3840 1103 3901 statuemus.
1156 3833 1201 3900 of.

114 3934 282 3999 :hwabiurn
306 3932 346 3997 de
370 3931 486 3996 demin.
510 3953 540 4015 p.
565 3935 615 3996 91.
