2828 4776
554 364 587 418 de
604 363 746 418 metathesi
764 378 870 432 graeca.
1206 361 1267 422 217

141 536 254 602 dinem
277 537 342 601 iam
365 542 450 602 reete
472 535 652 601 videbimur
675 531 859 616 ἄνδραχνας
875 535 1010 623 (arboris
1028 537 1152 619 speeies
1173 537 1267 602 Paos.

139 637 171 713 9,
197 639 248 714 22,
272 638 304 712 2]
334 655 391 717 pro
417 634 596 716 antiquiore
617 634 720 699 forma
742 653 836 716 quam
860 629 1045 717 ἄνδραγχος
1069 638 1110 712 (v.
1134 634 1213 699 Lob.
1238 656 1268 718 p.

141 736 217 810 506)
240 732 369 797 habere.
414 733 482 797 Nee
505 731 669 796 dissimilis
690 732 750 797 fuit
772 731 958 797 metathesis
980 733 1061 797 ratio
1082 732 1115 796 in
1133 737 1270 816 κέγχρος

139 829 254 911 forma,
278 830 305 894 si
328 829 408 894 haee
429 829 535 894 nasaii
557 836 589 894 et
604 855 622 912 ρ
638 830 745 896 littera
766 829 903 895 invieem
926 829 1126 895 commutatis
1142 848 1160 894 e
1176 835 1269 912 κέρχ-

141 951 201 1002 νος
223 926 350 1010 prodiit.
396 925 453 1004 (of.
477 925 518 991 de
540 926 712 993 fluctuante
734 928 877 992 oodieum
893 927 1050 1010 scriptura
1064 928 1142 993 Lob.
1159 949 1189 1010 p.
1208 932 1286 992 507-

139 1025 240 1090 Mein.
263 1023 350 1088 Com.
373 1022 409 1087 ir.
433 1023 493 1105 111,
520 1027 596 1106 1883
618 1023 758 1090 radieem
780 1024 840 1087 lter
862 1025 968 1107 posuit
990 1024 1115 1090 Curtius
1137 1045 1168 1108 p.
1188 1028 1269 1101 138).

141 1121 209 1186 Sed
231 1121 313 1187 haee
333 1121 499 1186 haetenus.

228 1219 304 1283 Atia
325 1218 511 1283 metathesis
533 1216 660 1285 videtur
681 1219 766 1284 faeta
788 1239 860 1286 esse
888 1221 921 1284 in
943 1219 1105 1286 femininis
1127 1218 1161 1283 in
1189 1217 1269 1282 -δνα

140 1314 337 1396 terminatis,
367 1314 408 1381 de
436 1315 551 1397 quibus
573 1315 700 1381 Curtius
722 1338 752 1399 p.
777 1319 839 1381 599
862 1312 941 1401 egit,
971 1317 1146 1382 seeundum
1175 1335 1269 1397 quem

141 1433 170 1479 e.
188 1433 218 1496 g.
235 1411 350 1494 ἔχιδνα
373 1432 413 1478 ex
435 1410 586 1496 *ext-rja
603 1448 644 1460 —
658 1411 830 1494 *ixa-voye
852 1451 894 1476 -,
916 1411 1075 1495 *ἐχι-νόα
1097 1413 1225 1498 prodiit.

229 1510 378 1592 Denique
398 1510 451 1575 hio
472 1532 570 1575 unum
593 1511 784 1576 voeabulum
807 1511 1118 1577 commemorandum
1142 1518 1205 1592 est,
1235 1511 1269 1576 in

140 1628 206 1690 quo
239 1608 361 1673 nasalis
394 1607 475 1673 duas
506 1609 630 1674 vioinas
662 1608 785 1674 litteras
815 1609 1002 1676 transsiluit.
1053 1609 1112 1674 Est
1133 1608 1270 1691 primum

139 1727 228 1771 nom.
245 1702 331 1785 πνύξ
351 1705 413 1771 hoe
433 1706 530 1771 modo
553 1725 594 1772 ex
615 1725 655 1772 ea
676 1707 785 1790 stirpe,
809 1726 890 1788 quae
911 1707 945 1771 in
959 1725 1034 1789 gen.
1050 1704 1193 1783 πυκν-ός
1208 1711 1269 1772 oet.

140 1803 345 1886 conspicitur,
369 1811 456 1868 ortus
471 1800 570 1883 (πνύξ
580 1823 638 1887 pro
654 1808 842 1882 *πυκ-νι-ς,
865 1810 899 1869 ut
921 1802 980 1884 νύξ
1000 1825 1058 1887 pro
1081 1803 1269 1888 *νακτιςὴῑ

139 1899 263 1967 deinde
277 1900 364 1984 apud
382 1901 576 1967 recentiores
599 1901 695 1966 etiam
717 1901 750 1964 in
772 1901 904 1982 reliquis
926 1902 1052 1968 ossibus
1075 1926 1092 1966 ν
1116 1902 1270 1984 anticipa·

138 2004 211 2063 tum
234 2004 292 2079 est,
314 2004 349 2062 nt
371 1996 498 2074 πνυκός
521 2005 580 2063 oet.
603 1998 777 2081 prodirent.
823 1998 869 2063 Gi.
893 1997 1067 2064 Herodian.
1091 1999 1141 2064 ed.
1159 2000 1268 2064 Lenta.

139 2095 188 2172 II,
220 2097 282 2161 386
315 2092 387 2160 ’ἐστι
418 2093 526 2182 mones]
565 2112 662 2159 πακν·
694 2093 732 2160 οὗ
764 2095 902 2160 δύναται
933 2094 969 2161 δὲ
1000 2097 1183 2182 καταλῆξαι
1211 2097 1269 2161 καὶ

138 2188 338 2280 ὖπερετέθη
363 2191 401 2256 τὸ
425 2217 442 2258 ν
465 2195 522 2258 καὶ
546 2190 675 2279 ἐτράπη
700 2192 738 2257 τὸ
762 2218 780 2257 κ
805 2192 854 2270 εἰς
878 2196 897 2274 ξ
918 2192 1005 2274 πνύξ
1027 2243 1058 2258 ..
1082 2201 1114 2260 et
1136 2193 1174 2259 G.
1191 2194 1270 2260 Din-

138 2287 278 2356 dorfium
300 2291 334 2355 in
357 2290 467 2373 Steph.
490 2291 571 2357 thes.
594 2311 620 2357 s.
643 2311 673 2355 v,
