2828 4776
147 316 207 379 168
625 316 793 386 Siegismund

143 495 343 577 μνηστῆρσι,
366 493 531 574 κρητῆρσι
546 493 616 568 eet,
640 506 723 569 quae
738 487 792 583 vix
810 491 1005 570 θχείρεσσι,
1028 484 1283 574 μνηστήρεσσι,

145 584 352 675 κρητήρεσσι
367 586 541 667 eontracta,
553 583 612 650 sed
626 584 733 667 potius
748 605 806 667 pro
822 590 987 670 *xeo-oft,
1010 593 1286 673 *μνηστηρ-στσ,

144 692 381 772 *κρητηρ-στι,
405 701 488 765 quae
509 682 606 749 etiam
627 682 732 747 vooali
753 703 819 748 non
840 681 1060 769 intercedente
1073 681 1301 768 pronuntiari-

143 789 309 868 poterant,
343 780 514 868 substituta
546 798 618 845 esse
649 785 738 862 puto.
781 780 888 864 Atque
918 780 952 844 in
984 779 1125 847 dialeeto
1152 780 1290 863 dorida,

143 901 215 948 oum
230 879 453 962 inscriptiones
468 876 645 943 Alexandri
666 881 806 942 aetatem
829 885 1017 960 superantes
1040 886 1072 945 et
1086 877 1290 961 Epicharmi

143 978 299 1061 reliquiae
326 975 429 1063 solam
456 975 635 1058 longiorem
660 974 917 1068 terminationem
940 997 1022 1041 ασσι
1044 976 1097 1042 vel
1122 997 1203 1040 εσσι
1224 995 1291 1042 ex·

143 1075 291 1156 dibeant,
317 1080 425 1140 tamen
446 1075 544 1157 χερσὶ
565 1071 681 1154 legitur
703 1071 791 1155 apud
812 1070 1012 1154 Sophrouem
1034 1073 1072 1141 ir.
1096 1078 1154 1159 655
1180 1094 1284 1157 quam

142 1173 278 1240 formam
299 1172 341 1238 ab
363 1172 520 1238 Ahrensio
544 1170 576 1235 d.
599 1168 630 1233 d.
654 1167 720 1233 dor.
744 1190 776 1251 p.
792 1171 854 1233 230
877 1169 993 1235 iniuria
1014 1178 1093 1254 puto
1115 1171 1151 1236 in
1175 1172 1283 1255 suspi-

143 1271 267 1349 eionem
289 1275 436 1334 voeatam
460 1289 546 1350 esse,
580 1287 652 1355 oum
676 1286 715 1332 ea
735 1266 842 1348 potius
863 1269 998 1350 antiqua
1019 1273 1055 1358 et¹
1073 1269 1147 1352 sine
1169 1270 1276 1338 vooali

142 1367 292 1434 auxiliari
328 1366 465 1432 formata
499 1367 685 1432 videatur.·
715 1363 891 1431 Potuerunt
922 1366 1034 1449 igitur,
1067 1365 1134 1430 nisi
1167 1367 1272 1434 omnia

141 1466 270 1547 fallunt,
294 1465 335 1530 ab
357 1463 449 1529 initio
472 1483 490 1529 e
512 1463 667 1550 stirpibus
688 1463 838 1549 *παταρ
861 1462 1022 1548 *μηταρ,’
1037 1459 1149 1548 *drap
1175 1463 1266 1530 dativi

144 1569 376 1646 *παταρ-σι-ι,
413 1567 637 1648 *μηταρ-σσι,
674 1559 861 1646 *drap-oft
896 1560 1025 1625 formari
1057 1597 1101 1608 -
1137 1561 1178 1626 oi.
1213 1580 1261 1627 sor.

130 1657 303 1745 ‘pitu-sliu,
331 1655 504 1732 muti-alto,
527 1659 643 1743 npetu
665 1696 704 1707 -
728 1659 805 1726 inde
826 1659 903 1725 ¹vero
924 1657 1081 1723 facillima
1100 1658 1259 1724 metathesi

144 1754 328 1839 πατρά-σι,
364 1753 544 1841 μητράὲσι,
583 1755 745 1844 ἄνδρά-σι
777 1761 847 1840 (pro
879 1751 1039 1839 *dvpuosl
1062 1744 1257 1838 ¹prodierunt

105 1944 108 1950 Ι
144 1854 238 1934 Quod
260 1853 406 1936 quamvis
428 1854 603 1938 oonoedns,
634 1863 743 1920 tamen
764 1854 881 1938 stirpes
910 1854 1040 1937 πσταρ,
1073 1875 1186 1938 μηταρ
1211 1857 1257 1916 oet.

144 1952 341 2018 dubitaveris
363 1956 518 2034 statuere,
549 1973 620 2018 eum
641 1953 676 2018 in
697 1952 829 2034 reliquis
851 1951 978 2017 oasibus
1000 1954 1139 2033 (πατερ,
1167 1971 1255 2034 μητιρ

143 2055 217 2125 oet.)
240 2055 271 2114 et
293 2048 381 2132 apud
403 2050 536 2116 Latinos
558 2049 592 2116 in
611 2060 720 2135 pater,
749 2051 851 2116 aaa
878 2054 910 2115 et
938 2048 1008 2115 sim.
1031 2069 1049 2110 e
1071 2048 1198 2114 vooalis
1212 2066 1256 2130 pro

143 2146 363 2228 antiquiores
384 2141 491 2230 posita
512 2148 563 2213 sit.
607 2148 673 2214 Sed
696 2148 832 2231 primum
854 2181 897 2192 -
918 2145 1004 2228 quod
1025 2165 1068 2222 ne
1088 2145 1256 2211 Meisterun

14 2267 17 2272 “
144 2244 274 2328 quidem
306 2242 388 2331 fugit
407 2278 450 2299 -.
472 2244 569 2328 apud,
586 2246 676 2329 ipsos
704 2244 845 2310 Graecos
876 2244 976 2309 semel
1009 2250 1096 2308 uerte
1128 2242 1254 2320 forman,

144 2361 227 2426 quae
249 2365 270 2405 α
291 2335 436 2422 retinuit,
471 2342 624 2408 traditam
652 2343 841 2426 habemusp.
855 2341 925 2406 dieo
955 2338 1092 2424 πατάρα
1125 2339 1205 2405 illud
1230 2339 1256 2401 in

143 2441 245 2505 altero
273 2438 524 2520 Naupactiorum
553 2440 656 2530 titulo,
675 2445 716 2517 (v.
739 2437 826 2506 Curt
850 2437 1003 2504 ‘Studien'
1026 2437 1070 2516 Π,
1094 2443 1154 2502 441
1179 2443 1256 2519 squ),

145 2556 207 2619 quo
244 2535 285 2614 de
323 2535 499 2601 rectissime
534 2536 689 2603 iudicavit
724 2538 871 2603 Allenius
909 2534 1063 2600 ‘Studien’
1101 2535 1162 2617 ΙΙΙ,
1198 2537 1256 2598 221.

144 2632 272 2700 Deinde
290 2650 377 2712 vero,
401 2653 477 2698 oum·
494 2641 570 2700 ante
593 2660 611 2719 ρ
628 2642 789 2718 ¹sequente
808 2633 913 2699 vooali
937 2638 983 2709 (ut
1004 2632 1038 2696 in
1059 2635 1215 2718 πατέρες)
1233 2634 1257 2694 et

129 2729 186 2795 ,in'
200 2730 290 2795 exitu
311 2730 460 2795 vocabuli
482 2734 583 2811 (utin
605 2752 674 2797 voe.
697 2731 823 2815 πάτερ,
846 2732 902 2796 lat.
921 2733 1027 2814 puter)
1050 2752 1072 2792 α
1095 2728 1256 2818 dudumin

146 2851 161 2892 s
184 2827 333 2910 abiisset,
364 2834 473 2895 tamen
500 2837 577 2896 ante
599 2818 713 2913 eoum
741 2832 884 2904 consona
904 2828 1106 2893 ooniunotam
1130 2865 1172 2878 -
1193 2828 1258 2894 siout

145 2924 238 2990 nobis
266 2925 300 2989 in
332 2929 546 3011 *παταρ-στι
573 2926 744 2993 videbatur
766 2963 807 2976 -
829 2915 928 2991 multo
942 2924 1076 2991 ‘diutius
1099 2948 1122 2988 α
1143 2918 1258 2991 retineri

144 3022 257 3106 potuit.
836 3035 839 3038 ·

230 3121 300 3186 Iam
322 3140 399 3186 vero
421 3121 661 3195 ooneedendu'm
683 3127 732 3188 est
752 3121 818 3186 illis
845 3121 997 3204 stirpibus
1026 3117 1176 3192 suffixum
1206 3139 1262 3189 ora

146 3238 204 3284 σσι
226 3218 322 3284 etiarn
345 3219 450 3302 voeali
467 3217 645 3302 adiungere
659 3219 788 3284 liouisse
804 3217 854 3294 (oi.
870 3213 1102 3303 μνηστήρεσσι
1125 3224 1158 3283 et
1180 3217 1259 3290 siml,

145 3315 231 3398 quod
251 3315 370 3381 laetum
391 3316 538 3382 videmus
559 3318 593 3381 in
616 3317 700 3381 hom.
724 3318 953 3399 θυγατέρεσσι
976 3315 1018 3392 (Ο
1047 3315 1133 3388 197),
1178 3316 1261 3380 uta

145 3413 273 3495 quidem
313 3412 416 3500 forma
451 3413 605 3479 fa'eillima
640 3432 719 3479 sane
754 3431 897 3496 synoope
932 3410 966 3474 in
995 3411 1260 3498 wopam-soor,

145 3515 374 3594 *θυγατρ-εσι
395 3510 511 3574 mutari
533 3511 646 3593 potuit,
670 3511 697 3575 si
718 3509 831 3591 lingua
846 3504 960 3592 'plures
982 3507 1264 3594 eiusmodiiormas

64 3617 66 3620 ⁴
145 3607 344 3690 adamasset;
374 3608 460 3690 quod
486 3614 595 3672 tamen
623 3626 688 3671 non
716 3605 844 3672 aoeidit.
887 3604 983 3687 Apud
1005 3606 1181 3672 Homerum
1207 3621 1262 3670 una

146 3709 269 3769 tantum
292 3711 397 3770 exstat
417 3704 535 3785 forma,
569 3723 651 3786 quae
673 3705 735 3769 hue
757 3703 911 3786 pertinet,
944 3701 979 3766 in
1003 3724 1080 3767 εσσι
1101 3703 1263 3768 terminata

146 3796 324 3884 ἅνὸρ-εσσι
346 3805 416 3885 (pro
438 3802 602 3868 usitatiore
625 3797 814 3885 ἄνδρά-σι),
848 3799 903 3864 ubi
930 3817 1074 3884 syncope
1102 3799 1187 3866 laeta
1212 3801 1261 3864 est

146 3897 213 3964 Sed
249 3899 504 3982 animadvertas,
541 3918 612 3964 oum
645 3898 678 3962 in
713 3898 779 3962 hae
807 3897 887 3962 sieut
919 3896 953 3962 in
985 3901 1255 3982 θτγατέρ-εσσιι
