2828 4776
141 362 202 423 256
653 362 757 417 Erman
791 380 796 390 ¹

140 535 289 620 Auilage,
305 535 416 601 Berlin
436 536 539 615 1867),
562 533 657 598 facile
679 533 793 616 plenus
815 532 943 598 illorum
964 551 1120 598 numerus
1134 532 1244 599 conferri

141 632 260 717 potuit,
283 631 370 715 quod
391 637 503 697 contra
525 629 746 695 difficillimum
767 630 827 694 fuit
848 629 882 694 in
903 630 943 696 iis
964 629 1070 696 titulis
1091 631 1246 696 recentiori-

142 733 211 812 bus,
235 731 290 813 qui
310 735 383 814 post
398 728 518 795 editum
539 728 782 811 inscriptionum
796 745 986 810 graecarum
1007 746 1125 810 corpus
1139 728 1247 808 inventi,

142 846 200 910 per
223 826 446 911 ephemerides
468 832 501 892 et
521 825 771 908 monographias
794 824 942 908 dissipati
964 826 1083 891 iacent.

226 925 431 1006 Antiquiores
462 923 546 988 tituli
579 922 635 987 uhi
666 925 746 987 llet
771 925 798 988 0
828 922 985 1006 praebent
1017 942 1077 1005 pro
1107 942 1156 1002 eo,
1184 923 1250 1005 quod

143 1028 255 1105 postea
277 1026 327 1086 ΕΙ
354 1029 386 1089 et
411 1024 472 1086 ΟΥ
499 1020 584 1086 notis
612 1018 815 1102 designatum
844 1026 909 1102 cst,
939 1040 1012 1085 cum
1039 1040 1061 1085 a
1088 1020 1250 1086 maiusculis

143 1119 258 1186 litteris
280 1117 508 1185 abstinendum
531 1123 625 1197 esset,
648 1136 740 1182 usum
762 1117 947 1200 posterioris
968 1118 1125 1201 temporis
1147 1124 1250 1185 secutus

143 1236 214 1282 snm
237 1217 380 1299 exceptis
402 1223 420 1293 0
444 1222 461 1280 7
486 1221 518 1281 et
540 1218 569 1298 8,
591 1215 647 1280 ubi
668 1215 848 1280 accuratius
871 1214 912 1281 de
932 1215 995 1280 hac
1014 1234 1051 1281 re
1073 1223 1193 1299 agetur

203 1449 225 1503 1.
252 1449 530 1505 INSORIPTIONES
548 1449 658 1504 SEXTI
675 1449 724 1503 ET
743 1448 868 1518 QUINTI
885 1450 918 1504 A.
938 1448 1019 1503 CHR.
1039 1448 1201 1504 SAECULI.

435 1624 476 1686 A.
512 1621 739 1704 Inscriptioaee
762 1619 984 1686 Chalcidenses.

234 1781 260 1840 l.
305 1773 432 1839 Titulus
455 1771 680 1855 Cumanus„
696 1772 729 1839 Ο.
753 1773 779 1838 Ι.
802 1774 841 1840 G.
865 1776 958 1840 8337.

354 1874 503 1957 Ταταίης
526 1868 598 1952 εἰμὶ
619 1872 655 1935 t-

351 1965 499 2052 ήκυθος·
524 1964 561 2045 ὃς
585 1963 620 2032 δ’
645 1965 685 2032 ἄν
708 1992 750 2049 με
773 1967 879 2050 κλέψ-

301 2066 304 2072 ’
351 2064 532 2152 ηθοφλὸς
554 2063 660 2131 ἔσται.

235 2167 264 2228 2.
309 2162 481 2228 Kirchhoff
499 2164 522 2227 l.
544 2163 566 2227 l.
589 2184 620 2246 p.
643 2164 710 2227 108.

351 2258 603 2346 ΔημοχΙάριόοςο
628 2256 698 2341 εἰμὶ
721 2281 779 2322 το.
793 2306 801 2322 .
815 2306 843 2322 ..

232 2356 395 2440 Alterum,
425 2359 479 2440 qui
505 2357 551 2421 ibi
573 2355 720 2436 affertur,
752 2355 879 2421 titulum
902 2352 1082 2421 Cumanum
1105 2360 1255 2425 enucleare

145 2475 210 2534 non
241 2475 381 2538 possum.
433 2453 585 2520 Consulto
617 2472 743 2537 quoque
769 2460 880 2518 notam
908 2452 999 2518 illam
1033 2453 1256 2539 inscriptionem

147 2551 324 2618 Cumanam
348 2550 395 2624 (0.
418 2552 443 2615 Ι.
467 2550 505 2617 G.
529 2555 581 2628 32)
604 2558 787 2635 praetereo,
817 2570 888 2615 cum
910 2569 953 2616 ne
974 2550 1125 2618 Bursiani
1149 2554 1257 2637 quiden

148 2649 320 2733 explicatio
350 2649 475 2726 (Rhein.
507 2649 587 2714 Mus.
621 2653 669 2715 18.
699 2648 883 2731 Jahrgang‚
913 2669 944 2731 p.
975 2651 1049 2726 450)
1080 2657 1169 2717 certa
1197 2649 1257 2716 mihi

149 2746 306 2813 videatur.

235 2847 263 2908 3.
309 2841 474 2908 Accedunt
495 2842 720 2926 inscriptiones
741 2861 906 2924 vasorum,
937 2843 1076 2925 quaein
1099 2846 1258 2911 coloniis

148 2939 497 3007 Chalcidensibus
518 2940 552 3004 in
573 2941 694 3023 Magna
715 2939 851 3005 Graecia
872 2940 941 3006 sitis
963 2941 1047 3006 facta
1070 2961 1143 3008 esse
1166 2943 1259 3008 Kirch·

147 3037 218 3102 hoff
243 3037 440 3120 argumentis
467 3037 548 3103 nihil
579 3036 667 3102 dubii
695 3037 949 3120 relinquentibus
978 3057 1038 3105 nos
1067 3037 1178 3106 docuit
1198 3042 1227 3119 (l.
1243 3039 1258 3103 l.

147 3157 179 3220 p.
206 3139 267 3201 100
290 3155 347 3219 οη,
370 3155 401 3217 p.
428 3139 512 3212 140).

149 3253 183 3318 O.
213 3253 239 3318 I.
270 3253 307 3320 Gr·
338 3258 435 3320 7381.
475 3251 688 3339 Δημόδορος,
724 3249 920 3340 Ἱππολύτη,
954 3251 1073 3333 Τύξις,
1103 3255 1259 3341 sog-loheel,

192 3349 322 3439 leaco,
344 3355 521 3436 Περίφας,
544 3355 575 3414 Γ
571 3350 690 3434 leopos
697 3400 707 3429 ‚
729 3348 897 3434 Πόλυβος,
920 3346 1070 3430 Ξάνθος,
1092 3347 1228 3430 Ῥὸπιος.

150 3447 184 3514 O.
199 3449 226 3513 I.
244 3448 282 3514 G.
306 3452 399 3514 7686.
436 3447 620 3525 Σθένελος,
632 3445 819 3534 Διομήδης,
832 3445 1009 3529 Ἀχιλλεύς,
1032 3447 1157 3534 Πάρις,
1173 3449 1259 3527 Aias,

193 3542 334 3633 Αἰνέης,
357 3551 388 3610 Γ
385 3546 539 3630 Holmoe,
563 3537 758 3630 Λὲο’ὄορος,
773 3542 948 3626 Ἔχιππος.

150 3642 185 3709 O.
208 3642 232 3706 l.
248 3642 287 3707 G.
311 3647 404 3708 7459.
448 3648 562 3725 Σῖμος,
585 3639 706 3726 Μηρώ,
729 3640 802 3725 stoi,
825 3639 1125 3732 Μόλπη,Άντίης,
1148 3639 1258 3718 litorei

190 3733 374 3818 immolor,
397 3737 537 3817 Ξανθώ,
557 3736 722 3826 Ὀοαοίης,
745 3738 882 3825 Δόρκις,
905 3738 1025 3825 Χορα.
1039 3791 1047 3806 .
1059 3791 1088 3807 ..

152 3833 186 3900 C.
209 3835 235 3899 I.
252 3835 289 3900 G.
316 3841 408 3903 7460.
444 3836 584 3919 ἵπ[π]ος,
607 3835 746 3923 Ξανθῴ,
769 3835 864 3916 [flach
883 3842 1004 3926 Φοίβη,
1027 3837 1163 3925 Δόρκις,
1178 3838 1256 3912 Ναῒς,

193 3931 312 4017 Aaou.
