2828 4776
439 330 481 386 De
498 331 639 386 titulorum
656 331 803 387 ionicorum
821 331 944 399 dialecto.
1207 330 1269 391 307

142 501 236 585 δεκα,
259 503 295 567 in
316 502 408 568 titulo
431 501 551 568 Thasio
573 505 636 584 (23,
661 507 691 581 8)
715 503 860 584 obvium,
883 503 936 569 hic
957 504 1270 571 commemorandum

141 608 200 681 est,
224 619 297 666 cum
311 599 467 666 Herodoti
481 598 608 665 codices
630 598 725 665 modo
739 599 830 665 illam
846 600 940 666 modo
955 601 1121 685 vulgarem
1135 603 1270 669 formam

140 696 278 764 δώδεκα
300 697 484 763 exhibeant.

351 937 413 1062 nn
438 991 688 1061 vnuoouuu
715 991 1072 1061 onon1unn1oun.

229 1178 259 1249 ξ.
283 1175 333 1238 20.
379 1172 486 1238 Etiam
507 1171 541 1235 in
564 1172 734 1238 verborum
754 1171 967 1239 declinatione
995 1174 1093 1257 longe
1114 1174 1272 1257 plurimae

139 1290 227 1354 quae
248 1271 332 1336 inter
353 1269 492 1334 ionicam
515 1275 548 1335 et
564 1269 694 1335 atticam
711 1269 883 1336 dialectum
904 1270 1107 1338 intercedunt
1122 1269 1271 1337 differen-

136 1369 206 1434 tiae
247 1367 356 1432 variae
386 1365 613 1433 contractionis
651 1367 784 1450 rationi,
820 1387 902 1449 quae
935 1369 969 1434 in
996 1376 1131 1450 utraque
1158 1367 1270 1451 valuit,

136 1463 334 1531 tribuendae
356 1471 439 1531 sunt.
484 1464 534 1529 De
557 1464 672 1546 quibus
700 1484 771 1529 onm
793 1466 857 1530 iam
881 1486 978 1550 supra
1001 1465 1198 1549 disputatum
1220 1465 1270 1547 sit,

136 1570 252 1646 restat,
275 1569 310 1627 ut
329 1581 369 1628 ea
383 1561 670 1644 quibusrecentior
685 1562 738 1628 Ias
752 1563 786 1627 in
801 1563 975 1646 augmenti,
999 1562 1270 1647 reduplicationis,

136 1661 404 1729 terminationnm
427 1680 494 1724 usu>
507 1660 549 1724 ab
572 1658 669 1724 attica
693 1657 830 1726 dialecto
854 1660 968 1742 differt,
992 1661 1202 1727 conferamus.

281 1945 283 1950 ·
339 1933 432 2008 §il
477 1930 535 1994 DE
558 1929 801 1997 AUGMENTO
824 1929 1072 1997 SYLLABICO.

227 2111 342 2178 Utrum
364 2114 450 2173 recte
471 2107 592 2176 formae
613 2110 782 2176 iterativae
804 2116 836 2175 et
857 2107 1171 2193 plusquamperfecto
1192 2129 1271 2174 non·

138 2210 234 2276 nulla
257 2210 440 2275 etiamnunc
461 2208 495 2273 in
518 2206 674 2274 Herodoti
703 2206 897 2273 editionibus
921 2210 1094 2288 augmento
1118 2205 1271 2271 destituta

138 2309 216 2388 sint,
247 2327 265 2373 e
293 2307 395 2373 titulis
425 2306 592 2372 diiudicari
615 2325 680 2370 non
702 2311 822 2388 potest,
853 2324 924 2370 cum
946 2303 1027 2369 haec
1048 2309 1174 2367 tantum
1195 2323 1271 2386 ang·

137 2405 243 2471 menti
279 2404 428 2488 syllabici
457 2404 609 2488 exempla
642 2403 676 2467 in
708 2402 774 2469 illis
808 2407 989 2467 occurrant:
1024 2395 1193 2487 ἀνέθηκεν
1216 2404 1270 2478 (6),

138 2500 275 2569 &notato
305 2506 358 2583 (7),
389 2499 532 2588 ἐποίησε
563 2503 617 2582 (8),
648 2497 819 2566 ἀνέθεσαν
843 2501 897 2578 (9),
928 2497 1084 2582 tydoolco]
1108 2502 1172 2581 (21,
1209 2501 1269 2580 19),

138 2597 392 2686 {bonosiacum
416 2603 479 2680 (21,
503 2603 567 2681 31),
593 2594 837 2683 ἅπεννέρασα[ν]
862 2600 925 2679 (21,
945 2601 1008 2679 32),
1033 2592 1181 2682 scalcos]
1205 2599 1271 2678 (21,

137 2700 205 2778 44),
230 2694 346 2776 ἔδοξεν
370 2700 440 2780 (25,
463 2732 506 2743 -
528 2698 591 2772 29).

326 2947 361 3018 ‘s
385 2943 436 3006 22.
481 2942 539 3006 on
563 2938 804 3008 suonauuo
827 2907 1087 3006 nauseando.

229 3115 300 3179 Duo
323 3121 447 3179 tantum
469 3114 556 3180 illius
579 3114 729 3196 exempla
750 3114 784 3177 in
806 3113 907 3178 titulis
930 3113 1102 3179 habemus:

231 3216 259 3288 1)
283 3205 372 3292 εἶχον
394 3211 428 3277 in
450 3210 691 3278 Halicarnassio
713 3209 806 3275 titulo
831 3213 893 3291 (21,
911 3213 963 3284 36)
988 3211 1117 3276 obuium
1151 3207 1271 3290 optime

139 3308 309 3376 confirmat
337 3308 499 3393 iudicium,
530 3308 616 3393 qnod
638 3307 771 3392 Lhardy
799 3307 834 3373 in
862 3308 1102 3375 accuratissima
1132 3308 1172 3374 de
1194 3328 1270 3392 aug-

139 3414 250 3473 mento
278 3407 448 3490 temporali
478 3406 704 3474 dissertatione
730 3404 954 3484 (Quaestioues
977 3405 1018 3472 de
1041 3405 1118 3472 dial.
1143 3407 1220 3472 Her.
1243 3406 1269 3470 Ι.

139 3525 173 3587 p.
200 3508 251 3574 14)
274 3501 440 3569 deforma
464 3503 538 3586 ἔχον
561 3506 645 3588 fecit,
675 3522 758 3587 qnae
780 3511 876 3569 antea
897 3503 932 3567 in
954 3503 1101 3570 omnibus
1124 3503 1271 3570 editioni·

139 3601 203 3666 bus
225 3606 350 3665 retenta
375 3608 453 3668 erat.

216 3697 261 3771 ’2)
290 3693 456 3780 ἐργάσατο
486 3700 520 3764 in
548 3699 641 3764 titulo
669 3697 811 3781 Ephesio
841 3700 906 3775 (31)
929 3696 1072 3779 occurrit,
1102 3697 1155 3780 qui
1177 3698 1269 3763 initio

139 3797 249 3882 quarti
277 3795 396 3863 saeculi
424 3797 561 3879 scriptus
583 3803 647 3878 est,
679 3815 741 3878 quo
763 3801 906 3878 tempore
937 3818 967 3858 ει
996 3814 1123 3881 semper
1146 3794 1269 3862 duabus

139 3893 258 3962 litteris
273 3896 322 3958 EI
334 3893 498 3976 designari
513 3895 645 3960 solebat.
690 3891 793 3972 Quam
809 3892 849 3956 ob
865 3911 932 3958 rem
955 3899 987 3958 et
1001 3891 1053 3958 hic
1069 3892 1157 3959 haud
1173 3892 1269 3959 dubie
