2828 4776
231 368 293 432 254
744 367 847 421 Erman

111 618 116 625 ,
229 543 431 624 testimoniis,
454 541 496 608 dc
518 540 693 606 recentiore
716 539 794 606 lade
809 538 1249 621 disputaver·unt,Struve,
1266 539 1349 603 Din-

229 641 335 721 dorf‚
359 639 538 722 Lhardy,
562 637 747 718 Bredow,
770 637 936 714 Abicht,
960 636 1091 717 Stein,
1116 635 1306 720 saepissime
1325 643 1351 702 et

229 738 264 803 in
287 738 486 819 gravissimis
508 736 604 801 rebus
625 737 722 818 longe
743 736 826 800 inter
849 754 884 800 sc
907 733 1109 800 dissentiunt.

315 835 384 900 lam
406 855 482 900 vero
506 853 698 916 quamquam
714 824 954 897 concedendum
975 838 1032 912 est,
1056 833 1248 915 scriptorum
1270 851 1351 896 usum

229 952 295 998 non
324 952 454 1014 prorsus
483 930 621 997 eundem
644 930 743 995 fuisse
765 930 818 1011 qui
841 930 901 993 fuit
922 930 1160 1013 lapicidarum,
1175 937 1286 995 tamen
1307 927 1352 993 de·

228 1036 407 1095 monstrare
429 1029 587 1109 conabor,
617 1027 785 1110 opiniones
807 1028 963 1109 quasdam
994 1029 1035 1094 de
1067 1028 1126 1110 iis,
1149 1047 1235 1110 quae
1258 1026 1352 1090 ionica

229 1126 387 1192 dialectus
408 1127 443 1191 in
465 1127 651 1191 universum
665 1125 719 1189 vel
742 1132 889 1208 posceret
904 1126 958 1190 vel
981 1125 1179 1201 excluderet,
1201 1125 1246 1189 ah
1262 1125 1352 1190 Hero·

229 1223 297 1289 doti
326 1222 502 1289 editoribus
530 1223 727 1306 propositas,
758 1240 799 1286 ex
827 1222 991 1287 titulorum
1018 1221 1157 1288 dialecto
1179 1222 1352 1286 accuratius

229 1322 398 1403 explorata
427 1320 558 1386 refutari
586 1338 692 1402 posse.
744 1317 891 1385 Ceterum
920 1320 1083 1384 titulorum
1106 1319 1268 1385 dialectus
1296 1339 1352 1384 non

228 1419 331 1484 solum
353 1417 397 1483 ad
420 1416 642 1484 emendandas
664 1416 856 1499 scriptorum
881 1416 1049 1499 reliquias,
1079 1417 1137 1484 sed
1169 1418 1270 1483 etiam
1290 1417 1352 1499 ipsa

230 1535 288 1599 per
311 1535 346 1580 sc
368 1515 502 1581 alicuius
524 1516 678 1580 momenti
701 1521 759 1581 est.
948 1516 953 1530 “

314 1613 388 1677 Non
426 1613 513 1678 enim
552 1612 615 1678 fide
647 1619 772 1676 tantum
811 1612 974 1676 titulorum
1004 1613 1178 1677 auctoritas
1215 1612 1352 1678 codicum

227 1709 449 1774 anctoritatem
478 1717 625 1792 superat,
654 1709 712 1775 sed
734 1710 788 1774 vcl
810 1729 864 1787 eo,
897 1711 982 1791 quod
1011 1710 1105 1775 nohis
1129 1709 1272 1775 ionicam
1295 1710 1353 1774 dia·

227 1807 347 1873 lectum
368 1806 403 1870 in
425 1813 629 1889 conspectum
652 1808 759 1890 ponit,
785 1806 891 1888 qualis
913 1807 1040 1872 variata
1062 1812 1111 1872 est
1132 1826 1193 1888 per
1214 1815 1353 1891 tempora

228 1912 261 1972 et
275 1906 357 1984 loca,
380 1925 452 1970 cum
471 1904 652 1970 Herodotus
668 1912 700 1969 et
718 1904 941 1987 Hippocrates,
959 1923 999 1969 ex
1015 1904 1129 1970 eadem
1144 1903 1213 1969 fere
1229 1906 1352 1988 regione

228 2006 298 2088 orti,
323 2024 364 2070 ne
386 2011 531 2086 tempore
553 2002 683 2084 quidem
705 2002 840 2066 multum
863 2001 991 2067 distent.

312 2103 437 2167 Tamen
452 2105 581 2183 praeter
602 2101 846 2180 Rennerum,
871 2098 974 2180 quiin
989 2099 1257 2182 diligentissimis,
1280 2121 1351 2183 quas

186 2246 188 2249 -
226 2220 324 2284 supra
344 2197 602 2278 memoravimus,
626 2196 668 2261 de
690 2197 829 2262 dialecto
844 2197 952 2280 poesis
967 2197 1130 2280 elegiacae
1145 2205 1179 2263 et
1200 2199 1350 2264 iambicae

226 2297 485 2381 quaestionibus,
514 2302 572 2376 „ut
599 2293 640 2360 de
662 2294 839 2360 recentiore
860 2293 941 2359 Iade
963 2301 1048 2360 reete
1073 2294 1218 2362 iudicare
1241 2303 1349 2380 posset,

225 2416 292 2462 non
313 2395 409 2459 modo
432 2413 543 2459 omnes
565 2394 752 2477 scriptores,
782 2412 894 2458 verum
924 2392 1020 2457 etiam
1050 2392 1161 2458 titulos
1182 2393 1349 2477 inspexit,“

227 2512 334 2573 nemo,
356 2490 442 2574 quod
465 2490 613 2573 equidem
637 2490 746 2570 sciam,
771 2490 812 2556 de
834 2491 999 2555 titulorum
1020 2489 1197 2556 ionicorum
1221 2493 1349 2558 dialecto

227 2589 412 2672 disputavit.
442 2588 545 2666 Quam
561 2588 684 2652 obrem
700 2589 761 2653 hoc
776 2588 854 2654 mihi
869 2587 1030 2670 proposui,
1046 2594 1081 2652 ut
1097 2608 1123 2653 e
1137 2589 1241 2656 titulis
1255 2591 1349 2655 ionice

226 2685 353 2768 seriptis
381 2687 489 2750 omnia
517 2705 676 2767 eruerem,
712 2705 795 2767 quae
824 2685 867 2751 ad
896 2686 1153 2767 cognoscendam
1184 2686 1349 2754 dialectum

227 2782 367 2848 ionicam
389 2783 562 2866 pertinent.

314 3009 332 3079 ξ
357 3007 386 3066 2.
432 3001 709 3070 OONSPEOTUS
732 3000 988 3069 TITULORUM
1009 3001 1265 3070 IONICORUM.

310 3155 436 3221 Titulos
451 3156 608 3242 habemus
624 3174 664 3220 ex
680 3155 827 3220 omnibns
845 3156 913 3222 fere
927 3157 1042 3221 Ionum
1057 3156 1199 3239 sedibus,
1224 3176 1347 3239 quemn

224 3253 370 3337 plerique
398 3273 496 3318 unam
525 3251 726 3337 eandemque
755 3256 885 3321 dialecti
914 3254 1048 3318 formam
1078 3254 1245 3320 exhibent.
1287 3254 1348 3320 Hoc

223 3351 298 3416 ideo
321 3355 500 3416 memoratu
524 3347 654 3431 dignum
678 3359 741 3432 est,
766 3352 852 3434 quod
873 3351 1054 3418 Herodotus
1077 3351 1115 3433 (l,
1141 3356 1213 3428 142)
1237 3352 1348 3418 diserte

226 3447 370 3514 declarat
398 3448 432 3512 in
461 3445 541 3530 ipsis
570 3445 739 3514 duodecim
766 3449 879 3516 Ioniae
911 3449 1039 3532 oppidis
1067 3454 1216 3530 quattuor
1246 3449 1347 3516 distin·

224 3545 371 3628 guendas
399 3564 471 3610 esse
501 3543 630 3611 dialecti
652 3546 793 3629 species:
826 3548 1002 3630 „ytuicoov
1032 3544 1069 3610 δὲ
1094 3541 1132 3610 οὗ
1161 3545 1222 3632 τὴν
1253 3543 1346 3631 αὐτὴν

226 3629 321 3708 οὗτοι
355 3647 568 3725 νενομίκασι,
603 3639 687 3707 ἀλλὰ
717 3640 866 3728 τρόποὺς
895 3648 1059 3727 τέσσερας
1091 3647 1345 3729 παραγωγέων“.

225 3738 365 3818 Quorum
387 3738 524 3825 τρόπων
546 3741 684 3823 primum
712 3741 857 3809 uindicat
878 3743 1004 3832 Mileto,
1035 3741 1178 3825 Myunti,
1207 3743 1344 3819 Prienae,

225 3837 361 3902 alterum
384 3838 530 3921 Epheso,
553 3837 749 3922 Colophoni,
772 3839 1015 3935 Lebedo,Teo,
1039 3839 1250 3923 Clazomenis,
1273 3839 1344 3904 Pho-

225 3952 332 4016 caeae,
356 3933 484 4028 tertium
506 3936 654 4020 Erythris
677 3943 709 4003 et
731 3935 819 4020 Chio,
843 3942 988 4019 quartum
1011 3939 1118 4005 Samo.
