2828 4776
387 374 429 427 De
447 372 587 428 titulorum
604 372 754 428 ionicorum
772 374 896 430 dialecto.
1143 373 1203 435 301

74 545 235 611 vocabulo
265 545 424 611 coniuncti
462 565 527 609 non
556 545 706 626 leguntur
741 546 803 611 nisi
831 548 864 611 in
893 548 985 612 titulo
1017 548 1208 633 Erythraeo,
1289 630 1292 634 ¹

75 649 191 724 quarto
226 644 356 710 saeculo
394 642 528 724 scripto:
572 637 676 705 ταύτά
707 640 779 725 (30,
820 634 1019 733 11),,τᾶ)λα
1050 649 1112 728 (30,
1148 651 1207 724 15).

74 739 245 819 Quattuor·
262 740 357 805 huius
386 758 557 806 concursus
586 740 751 822 exempla,
793 760 875 823 quae
910 742 943 806 in
980 743 1207 810 vetustioribus

73 837 179 903 titulis
213 843 397 918 occurrunt,
432 837 555 901 hiatum
586 837 756 903 exhibenti
792 836 833 902 τὰ
864 833 1039 921 ἀγάλματα
1068 844 1136 921 (9),
1165 839 1207 905 col

75 933 192 1014 οἰκ[ί]α
214 939 277 1017 (21,
301 933 367 1018 25),
390 933 432 998 τά
458 932 578 1012 tolcae]
602 938 752 1028 (21,,35),
775 932 817 999 τὰ
840 931 939 1019 ὅρκια
962 940 1026 1019 (21,
1051 942 1114 1014 44).

161 1057 256 1122 Ratio
282 1057 526 1135 contractionis,
557 1077 640 1139 quae
668 1057 702 1121 in
733 1059 889 1141 exemplis
911 1060 1029 1125 nostris
1058 1060 1206 1142 cernitur,

73 1154 109 1219 in
132 1154 317 1221 universum
346 1154 461 1220 eadem
490 1162 555 1236 est,
594 1173 675 1236 quae
702 1154 737 1219 in
768 1157 849 1221 crasi
882 1158 996 1238 attica,
1026 1158 1088 1222 nisi
1120 1158 1206 1240 qnod

71 1253 198 1318 termae
212 1258 272 1317 τοῦ
287 1260 320 1318 et
334 1258 381 1338 τῷ
403 1271 474 1317 cum
497 1253 643 1334 sequenti
666 1276 687 1316 o
709 1253 743 1317 in
767 1277 793 1315 ω
816 1254 1056 1335 contrahuntur,
1080 1255 1206 1321 cumin

38 1402 40 1407 s
73 1350 176 1416 attica
199 1349 337 1415 dialecto
359 1355 418 1414 τοῦ
442 1345 576 1432 ἀνδρός,
599 1355 647 1434 τῴ
671 1345 769 1434 ἇνδρ(
792 1352 874 1417 crasi
896 1351 930 1415 in
952 1347 1106 1435 τάνδρός,
1129 1348 1208 1418 τάν-

75 1447 133 1531 δρί
156 1448 347 1512 coalescant.

76 1561 79 1565 ’
160 1563 274 1627 Rarior
288 1560 348 1626 fuit
362 1562 462 1629 orasis
477 1560 709 1626 coniunctionis
725 1567 792 1625 καί.
830 1562 886 1628 Bis
903 1563 937 1627 in
952 1563 1045 1628 titulo
1061 1564 1204 1647 Ephesio

71 1664 140 1741 (14,
165 1663 193 1724 3.
217 1664 248 1733 4)
276 1659 432 1732 habemus
460 1656 522 1723 alic
545 1689 588 1710 =
610 1658 667 1722 καὶ
690 1653 748 1743 ἢν,
777 1660 877 1725 semel
905 1660 939 1724 in
964 1661 1056 1726 titulo
1079 1662 1202 1729 Thasio

72 1759 143 1832 (19)
166 1753 369 1821 κάπόλλωνι.

161 1887 261 1951 Multo
283 1885 480 1969 frequentius
503 1888 560 1948 καί
580 1885 740 1966 integrum
763 1894 924 1951 servatum
949 1894 1012 1954 est:

72 1987 134 2050 καὶ
154 1981 391 2072 Ἡγήσανδρος,
416 1983 472 2047 καὶ
490 1979 686 2061 Ἀναξίλεως
709 1985 753 2059 (9)

71 2085 133 2148 καὶ
157 2080 257 2147 αὐτὸν
281 2085 345 2163 (13,
370 2085 399 2145 e.
424 2084 474 2144 27.
498 2084 548 2144 40.
572 2084 623 2143 45.
648 2082 700 2157 52)

43 2211 46 2216 ’
72 2184 132 2246 καὶ
160 2175 405 2265 Ἡρακλείοισιν
436 2180 500 2255 (13,
524 2180 586 2258 33),
611 2177 666 2240 καὶ
691 2172 793 2262 ἄρσεν
820 2180 895 2255 (19),
925 2179 983 2243 καὶ
1010 2175 1204 2265 ὑποκρητή-

279 2300 352 2360 prov
377 2278 440 2356 (20,
464 2278 505 2352 6),
530 2274 586 2338 καὶ
609 2270 724 2360 ἠθμὸν
747 2278 811 2356 (20,
835 2277 877 2356 8),
908 2276 977 2353 alal
999 2273 1116 2342 οἰκίων
1140 2280 1204 2358 (21,

281 2375 344 2454 29),
368 2373 425 2436 καὶ
447 2365 493 2447 ὥς
516 2373 578 2449 (21,
603 2375 666 2445 44).

292 2743 353 2810 ΒΕ
375 2741 589 2811 NOMINUM
616 2740 974 2811 nncnlnnrlerln.

138 2985 166 3058 ξ.
194 2984 241 3044 te.
286 2979 344 3043 DE
368 2974 697 3042 DECLINATIONE
720 2977 925 3045 STIRPIUM
947 2977 995 3042 IN
1018 3001 1039 3040 α
1061 2977 1134 3042 EX-

535 3091 746 3156 EUNTIUM.

162 3268 189 3327 1.
234 3263 371 3327 Formae
392 3261 518 3326 ionicae
541 3260 687 3342 stirpium
715 3258 748 3321 in
777 3281 798 3320 o
821 3257 1005 3323 exeuntium
1035 3276 1073 3322 eo
1096 3257 1201 3341 singu-

69 3364 174 3428 larem
197 3360 354 3444 praebent
376 3364 556 3441 aspectum,
587 3353 672 3437 quod
695 3379 716 3417 c
738 3361 853 3419 natura
874 3355 1005 3436 longum
1030 3354 1065 3418 in
1091 3379 1110 3441 η
1134 3376 1200 3420 mu-

70 3466 174 3525 tatum
198 3463 254 3540 est,
277 3477 341 3539 qua
356 3454 397 3523 de
412 3476 446 3521 re
468 3474 565 3538 snpra
588 3453 665 3519 satis
681 3451 877 3534 disputatum
893 3457 951 3518 est.
987 3451 1061 3515 Non
1084 3452 1200 3517 desunt

71 3555 202 3639 stirpen,
225 3572 307 3636 quae
330 3553 395 3620 iam
418 3571 455 3618 eo
478 3559 638 3633 tempore,
663 3569 724 3632 quo
747 3550 880 3613 mutatio
902 3549 960 3613 illa
981 3548 1068 3613 tacta
1090 3554 1149 3632 est,
1176 3572 1198 3612 o

71 3653 302 3736 corripuerant.
329 3651 431 3715 Aliter
445 3668 517 3714 mco
532 3646 650 3713 iudicio
666 3645 820 3728 explicari
837 3660 902 3711 non
917 3650 1051 3729 possunt
1066 3644 1197 3729 formae,

71 3770 157 3834 quae
179 3750 232 3835 vel
254 3749 289 3813 in
304 3748 411 3813 ionica
427 3744 564 3812 dialecto
588 3769 609 3808 α
632 3749 855 3809 conservatum
877 3742 1040 3824 exhibent,
1064 3761 1197 3825 quarum

72 3867 140 3915 nna
162 3847 280 3930 legitur
301 3845 335 3909 in
358 3844 449 3909 titulo
472 3844 552 3909 Teio
576 3845 639 3922 (13,
663 3846 732 3917 50):
755 3838 963 3905 θάλλασσαν.

160 3947 190 4008 2.
239 3940 405 4006 Gmetivuc
426 3941 593 4023 scapularis
614 3937 861 4004 masculinorum
882 3937 916 4002 in
938 3960 979 4024 ης
1007 3954 1133 4020 semper
1161 3936 1196 4002 in
