2828 4776
144 366 206 430 368
615 367 808 437 Chalkiopulos

144 540 261 605 estmoe·
280 560 337 624 pro
361 536 500 623 ὄστρεον
523 539 577 616 (ib.
600 561 631 623 p.
659 544 741 622 197),
768 542 915 620 νηοννοχόο
937 561 996 625 pro
1018 537 1171 622 μονοχός.
1210 561 1249 603 ον·

143 643 241 702 moia
264 645 296 704 et
318 637 448 702 οννοάδο
469 637 490 702 i.
507 657 534 703 e.
551 644 608 702 att.
621 632 787 720 ὃρμοθός,
810 657 945 719 quooum
968 637 1194 703 eonferendum
1214 645 1252 704 eut

143 736 287 805 sanserit.
309 745 406 798 soret.
1134 816 1137 821 Ι

229 835 339 896 amone
362 838 419 897 att.
442 829 534 913 ύμύω
565 851 607 897 ex
627 828 697 912 ἅμα
718 839 774 897 sot.
798 853 894 894 sumo.
940 831 986 896 cf.
1011 832 1080 898 dor.
1103 828 1185 915 ἄναρ
1206 853 1254 916 pro

145 929 224 1017 ύναρ
260 932 434 1016 (Hesyoh.)‚
464 921 602 1016 ἅναιρον
637 949 695 1012 pro
729 926 861 1013 ύνειρον
893 935 1040 1015 Κρῆτες,
1075 931 1136 995 lae.
1165 931 1252 995 σολίο

142 1047 201 1113 pro
223 1029 337 1110 θολία,
361 1030 464 1094 Alam.
488 1032 527 1094 70
551 1025 657 1110 κύρρο
679 1049 736 1111 pro
758 1025 861 1113 κόρον)
886 1025 1028 1110 (Abrens
1049 1047 1082 1110 p.
1108 1031 1189 1104 120).

227 1127 251 1206 f)
294 1128 356 1192 Pro
384 1131 494 1192 vetere
523 1149 549 1187 ω
580 1125 629 1190 in:
674 1122 812 1211 φανάζω
847 1145 905 1208 pro
939 1121 1085 1211 φωνύζω
1121 1130 1255 1211 (φωνέω)

141 1224 210 1292 rad.
234 1248 300 1311 φα,
330 1222 368 1288 ef.
392 1227 520 1309 φη-μί,
545 1219 682 1308 φάσκω,
713 1219 830 1309 φάτις,
861 1228 917 1288 set.
941 1222 1052 1305 ύΙιᾶοΙι,
1085 1221 1183 1296 ύΙιονι,
1209 1226 1254 1288 lat

139 1320 218 1402 fori,
240 1319 339 1402 sumu,
361 1319 482 1401 fateor,
502 1319 621 1401 subulo.

227 1419 288 1484 Hio
309 1418 407 1500 igitur
427 1424 520 1483 vetus
543 1438 561 1479 ο
583 1416 759 1500 indegerm.
785 1425 816 1483 et
838 1416 1034 1500 graeooital.
1059 1425 1190 1484 servata
1209 1427 1255 1501 est,

142 1535 225 1600 quae
246 1517 280 1580 in
302 1515 415 1597 lingua
435 1533 553 1598 graeea
574 1514 710 1580 elassioa
731 1515 792 1579 hoe
813 1514 847 1579 iu
868 1515 1026 1580 voeabuio
1049 1515 1083 1579 in
1110 1539 1136 1578 ω
1161 1516 1254 1582 obseu-

141 1621 213 1679 rata
228 1619 285 1679 est.
322 1613 384 1677 Pro
399 1617 508 1678 vetere
526 1609 593 1699 ῥώξ
615 1633 700 1678 nuno
722 1613 818 1695 vulgo
836 1611 964 1677 auditur
978 1611 1069 1696 νόνο,
1093 1608 1256 1680 Locrenses

142 1718 250 1776 autem
265 1715 344 1794 rdyo
358 1710 576 1795 pronuntiant,
592 1729 728 1792 quocum
744 1709 807 1797 ῥάξ
819 1709 1047 1776 eonferendum
1065 1717 1123 1775 eet.
1162 1712 1256 1774 Ιοοόοο

143 1814 191 1873 θεῖ
212 1814 305 1873 vetus
319 1804 495 1891 λωβάομαι
518 1807 572 1884 (de
595 1828 656 1890 quo
679 1806 745 1872 vid.
762 1806 847 1872 Curi.
864 1808 914 1872 El.
930 1808 981 1872 Et.
997 1827 1029 1890 p.
1046 1810 1132 1885 344).
1170 1810 1254 1894 οογύν

141 1911 205 1970 vet.
220 1900 296 1985 ὠόν,
320 1904 515 1987 graeco-ital.
533 1904 651 1988 ‹iujo-m
675 1905 725 1984 (oi.
741 1904 784 1969 ib.
800 1925 831 1988 p.
848 1907 933 1986 364),
956 1890 1148 1988 principalia
1169 1906 1256 1971 forna

141 2022 258 2086 graeca
274 1998 386 2085 onon,
409 2003 464 2066 lat.
481 2001 626 2085 aemam,
643 2001 832 2085 principalis
846 2001 949 2067 forma
963 2001 1144 2085 indogerm.
1156 2005 1253 2089 tojam,

142 2099 178 2165 sl.
194 2098 277 2183 jaje.

226 2195 302 2258 Ιοοάο
324 2202 389 2260 vet.
403 2214 451 2278 gr.
468 2194 544 2276 ξύω.
582 2196 620 2259 ln
641 2195 753 2278 lingua
774 2200 884 2262 vetere
898 2215 1015 2278 graeca
1029 2205 1164 2264 exstant
1179 2217 1251 2283 prae

141 2300 230 2361 terea
252 2293 352 2359 verba
374 2291 464 2376 ψύω,
488 2295 563 2373 ξέω.
607 2293 799 2376 Principalis
820 2293 917 2375 igitur
938 2293 1042 2360 forma
1057 2292 1160 2376 ξάνω,
1183 2295 1251 2360 unde

142 2391 208 2473 ξύω
237 2397 269 2457 et
297 2392 361 2477 ξέιο
392 2390 450 2467 (of.
472 2399 535 2456 vet.
558 2409 658 2473 germ.
687 2389 797 2471 οΙοοβο,
826 2391 923 2453 alcoba
951 2391 1033 2456 Fiek
1067 2395 1149 2471 181).
1192 2393 1252 2455 loeo

140 2490 237 2572 igitur
265 2488 395 2570 linguae
428 2488 615 2554 recentioris
655 2486 800 2553 eiusdem
833 2495 882 2554 est
909 2488 1028 2571 gnadun
1061 2497 1161 2572 atque
1189 2487 1252 2575 ψάο

55 2629 57 2632 -
142 2588 213 2652 sine
234 2583 417 2649 labiaiismo
440 2584 490 2651 toi.
515 2583 599 2650 Gunt.
623 2586 673 2650 El.
697 2587 747 2650 Et.
770 2605 802 2667 p.
825 2589 922 2664 651).

228 2705 259 2779 2)
304 2702 429 2767 Vetus
452 2726 467 2766 ε
490 2703 651 2769 vocalis
673 2710 843 2769 servata
866 2704 982 2769 estin
1004 2706 1252 2771 voeabulooeuo

142 2821 199 2884 pro
221 2804 278 2864 att.
294 2804 383 2884 νῆμα
405 2799 473 2864 uad.
497 2825 543 2879 νε,
566 2805 641 2883 νέω,
665 2802 720 2866 lat.
743 2821 811 2874 neo,
834 2821 950 2885 nemen,
973 2812 1063 2865 uetus
1086 2805 1138 2882 (of.
1153 2804 1253 2869 Ε1.Ε).

141 2919 172 2981 p.
197 2900 282 2971 295).
1167 2900 1169 2904 ⁴

227 3019 257 3093 3)
302 3014 426 3081 Vetus
454 3016 611 3082 vooalis
640 3039 660 3080 o
683 3024 848 3083 servata
877 3022 939 3083 est
975 3036 1047 3101 pro
1077 3026 1253 3102 veterey

141 3120 217 3179 ante
247 3117 279 3178 et
307 3119 379 3196 post
408 3112 561 3180 labiales:
605 3114 684 3199 νύοο
712 3135 770 3198 pro
794 3112 882 3199 κύνοη
914 3109 1048 3201 (yona),
1085 3117 1188 3197 χίύεῑο
1208 3135 1252 3200 pro

140 3209 241 3291 χύσον
258 3206 349 3293 αὐτό,
367 3209 480 3292 tomba,
502 3210 664 3274 tomboooo
679 3231 737 3294 pro
753 3209 888 3296 τύμβος,
903 3208 1090 3294 τύμπανον,
1112 3213 1197 3278 slooti
1207 3233 1252 3297 pro

143 3304 275 3388 οκύτος,
299 3306 395 3370 tovos
418 3329 476 3391 pro
499 3305 607 3391 κύββα
625 3314 684 3374 oet.
709 3310 759 3386 (of.
784 3310 916 3375 Deffner
937 3331 968 3394 p.
992 3308 1082 3394 318).

669 3551 687 3625 o
711 3497 744 3609 o.

401 3677 559 3758 Quomodo
582 3681 704 3744 ooooleo
722 3690 920 3765 permutatae
941 3683 1012 3744 siat.

229 3831 361 3897 Mutatio
377 3831 536 3897 vocalium
553 3801 685 3897 efiioitur
698 3834 814 3916 partim
831 3833 862 3897 vi
878 3853 1028 3899 sonorum
1039 3836 1251 3918 proximorum,

144 3927 260 4010 partim
288 3927 393 3995 studio
422 3928 560 4011 quodam
587 3929 837 4015 commoditatis,
867 3931 984 4014 partim
1007 3933 1251 4016 pronuntiatione
