2828 4776
147 345 206 408 186
351 322 353 325 ⁸
615 351 784 420 Siegismund

144 522 250 588 chald.
275 539 395 612 opsequ
419 525 462 600 (v.
485 523 618 589 Prelleri
634 523 768 607 mythol.
790 544 836 606 gr.
859 523 976 605 1,263)
997 524 1059 589 hoc
1080 521 1246 592 minusveri

144 620 250 685 simile
272 619 428 685 videatur.

229 721 259 784 4.
282 717 364 782 Mira
386 725 435 783 est
450 717 559 784 dorica
573 718 675 783 forma
691 724 838 802 σπέργτς
853 740 911 802 pro
926 723 1077 802 πρέσγυς
1093 723 1248 802 (πρέσβυς)

143 816 180 879 Ε.
209 817 251 882 Μ.
289 818 359 886 723,
393 818 441 894 17,
476 815 511 879 in
544 836 607 898 qua
634 837 698 880 non
734 819 837 883 solum
872 840 888 880 ε
918 816 1140 898 praepositum
1168 824 1247 899 esto

145 913 290 994 litterae,
318 911 377 978 sed
405 912 501 978 etiam
526 935 547 977 σ
568 932 609 978 ex
638 914 744 979 medio
767 914 925 978 vocabulo
947 912 990 978 ad
1011 912 1140 977 initium
1162 921 1249 980 trans-

143 1013 254 1076 latum.
299 1009 419 1084 Quodsi
442 1009 574 1076 credere
601 1011 677 1077 licet
698 1012 782 1077 hanc
803 1012 939 1076 formam
960 1031 1099 1092 usquam
1122 1031 1191 1078 esse
1210 1011 1250 1076 ad-

143 1109 294 1189 hibitam,
318 1108 421 1173 altera
441 1108 628 1174 metathesis
650 1108 737 1174 haud
760 1109 857 1175 dubie
879 1128 951 1173 cum
972 1110 1076 1182 altera
1098 1110 1249 1175 constricta

144 1207 212 1273 fuit.
256 1206 341 1271 Nam
369 1225 441 1270 cum
464 1227 486 1269 σ
507 1206 692 1288 praeposito
722 1211 895 1290 *σπρεγνς
924 1213 989 1272 tres
1011 1207 1046 1272 in
1068 1207 1174 1274 fronte
1194 1228 1248 1273 con·

146 1325 243 1372 sonas
264 1303 440 1384 habuisset,
463 1303 578 1367 harum
600 1302 696 1369 nimis
718 1303 856 1370 difficilis
872 1304 1054 1370 coniunctio
1071 1329 1088 1369 ε
1105 1312 1138 1371 et
1151 1331 1170 1389 ρ
1185 1325 1248 1370 con·

142 1403 273 1469 mutatis
296 1402 417 1468 evitata
438 1402 537 1473 est⁷¹t

230 1507 258 1566 5.
282 1500 343 1563 Hic
364 1497 519 1562 iudicium
547 1497 818 1580 interponendum
840 1505 889 1564 est
911 1499 952 1565 de
975 1505 1135 1583 tarpeaim
1156 1500 1246 1579 formu,

148 1618 242 1680 quam
265 1595 459 1662 Ritschelius
481 1596 584 1659 Plaut.
608 1597 696 1661 Trin.
719 1617 749 1662 v.
773 1601 835 1660 425
859 1597 1075 1663 econiectura
1098 1596 1131 1660 in
1146 1603 1246 1662 textum

145 1695 314 1761 verborum
340 1692 471 1775 recepit.
524 1693 773 1760 Concedendum
810 1694 870 1761 erit
896 1696 1052 1777 pleraque
1080 1693 1245 1760 metathesis

145 1792 309 1875 exempla,
338 1809 421 1873 quae
448 1790 505 1855 ille
533 1790 576 1855 ad
604 1790 794 1857 firmandam
816 1792 1033 1858 coniecturam
1056 1792 1177 1873 attulit,
1198 1810 1246 1855 non

143 1891 277 1955 multum
300 1890 424 1967 valere,
455 1907 526 1951 cum
554 1888 588 1951 in
615 1888 662 1955 eis
690 1890 812 1955 vocalis
835 1890 876 1954 ab
897 1889 989 1954 initio
1011 1887 1155 1970 liquidae
1175 1904 1246 1971 prae·

142 1987 248 2070 posita
269 1985 383 2068 fuerit3
413 1984 593 2050 communio
615 1992 723 2052 autem
745 1994 778 2052 et
800 1988 957 2070 cognatio,
982 2007 1078 2069 quam
1100 1986 1182 2052 inter
1199 1985 1246 2049 Dc·

145 2085 269 2150 rienses
298 2091 329 2149 et
351 2085 513 2149 Romanos
541 2084 602 2148 hac
630 2084 664 2147 in
687 2103 721 2149 re
743 2084 942 2150 intercedere
964 2084 1159 2150 Ritschelius
1179 2085 1245 2148 recte

143 2181 233 2265 vidit,
256 2181 361 2264 magis
382 2183 416 2246 in
439 2180 607 2248 servandis
629 2182 796 2247 vocalibus
811 2182 1003 2265 praepositis
1018 2203 1116 2264 quam
1130 2182 1163 2250 in
1175 2196 1246 2264 prae

144 2278 304 2363 ponendis
333 2279 499 2345 vocalibus
528 2278 666 2344 cemitnr
689 2278 740 2355 (cf.
764 2278 831 2344 dor.
855 2284 970 2360 κίρκος
991 2312 1035 2330 =
1057 2281 1167 2361 circas,
1188 2279 1245 2342 uret

143 2381 247 2460 πορτί
260 2408 303 2426 =
319 2386 415 2454 port·
429 2379 494 2451 all.
539 2378 664 2440 Tamen
680 2376 871 2458 quibusdam
887 2385 972 2442 certe
986 2376 1144 2442 similibus
1160 2391 1245 2441 exem·

144 2474 209 2557 plis
236 2475 296 2538 illa
328 2473 509 2538 coniectura
541 2474 761 2538 commendari
788 2474 932 2555 videtur,
967 2476 1036 2540 sive
1065 2470 1244 2540 metathesim

145 2569 371 2651 Doriensibus,
400 2572 470 2635 siue
497 2571 623 2636 Latinis
651 2571 818 2637 tribuimus
842 2571 892 2644 (cf.
914 2573 1021 2656 palmo
1044 2604 1087 2622 =
1109 2569 1244 2652 πλεύμων

140 2668 235 2746 sim).
707 2735 711 2742 f

229 2770 257 2830 6.
274 2761 501 2850 Ἀρταφέρνης
523 2784 640 2830 nomen
663 2767 767 2829 vocali
790 2765 966 2848 anticipata
982 2785 1024 2830 ex
1038 2762 1245 2851 Ἀρταφρένης

144 2868 248 2926 ortum
270 2861 405 2927 videtur.
450 2863 556 2944 Atque
577 2863 658 2928 haec
680 2862 808 2943 quidem
824 2862 927 2928 forma
941 2863 982 2926 ab
999 2863 1161 2948 Aeschylo
1176 2865 1244 2927 Pers·

144 2963 207 3024 776
236 2959 323 3024 haud
353 2960 449 3026 dubie
479 2981 554 3030 cunr
573 2960 712 3041 quodam
735 2961 845 3043 lepore
868 2960 1048 3042 adhibetur,
1072 2982 1144 3027 cum
1165 2957 1244 3026 uerba

142 3057 224 3123 haec
245 3056 324 3121 siut:
766 3055 865 3122 τόνδε
890 3055 949 3121 σὺν
973 3055 1062 3142 δόλῳ

143 3389 170 3441 p.
189 3377 221 3425 52
245 3370 343 3424 iniuria
367 3368 452 3436 πορτί
475 3373 613 3437 tamquam
637 3370 792 3425 metathesis
818 3371 970 3439 exemplum
994 3372 1086 3426 attulit
1111 3373 1155 3436 (cf.
1180 3376 1245 3437 supro

143 3454 159 3518 ξ
178 3457 238 3506 411.
264 3455 321 3516 37);
345 3449 368 3503 si
392 3449 464 3504 idem
487 3450 515 3504 in
537 3448 687 3519 Ἀφορδίτα
713 3451 828 3506 formam
845 3452 931 3516 cadit,
955 3451 1087 3506 dialectus
1113 3453 1208 3507 cretica
1220 3443 1245 3500 ab

142 3533 194 3587 hoc
213 3531 383 3600 corruptelae
400 3545 496 3598 genere
513 3529 629 3585 liberata
647 3537 697 3585 est.

210 3627 243 3690 ⁷¹)
261 3625 354 3693 Lapsu
377 3623 485 3690 linguae
508 3623 640 3678 eiusmodi
666 3625 918 3679 transmutationem
942 3625 1001 3679 fieri
1017 3641 1099 3695 posse
1118 3640 1199 3694 nuper
1213 3633 1245 3674 co·

114 3703 120 3713 '
141 3705 237 3771 gnovi,
264 3720 325 3757 cum
349 3702 510 3772 discipulus,
529 3719 608 3772 quem
626 3704 759 3758 Graecam
776 3705 895 3773 linguam
913 3705 1006 3771 doceo,
1025 3704 1192 3772 διεπράσναι
1206 3702 1246 3756 lor·

143 3799 212 3837 mam
234 3800 283 3851 pro
313 3781 480 3853 διεσπάρθαι
503 3785 648 3853 proferret.
690 3785 784 3839 Talem
808 3793 899 3840 autem
917 3785 1031 3839 formam
1049 3802 1102 3840 usu
1119 3787 1158 3840 ita
1174 3784 1245 3838 firna-

143 3871 198 3918 tam
216 3879 275 3918 esse
293 3870 323 3918 ut
342 3867 460 3933 scriptor
478 3865 576 3934 aliquis
594 3881 653 3920 eam
672 3866 800 3921 adhibere
817 3873 918 3935 posset,
936 3883 991 3922 non
1008 3866 1090 3923 facile
1109 3865 1185 3923 nobis
1200 3873 1246 3933 per·

142 3945 278 3999 suadetur.
