2828 4776
93 360 138 414 De
156 371 285 411 sonorum
303 354 499 418 affectionibus,
519 368 588 423 quae
606 353 791 424 percipiuntur
809 353 837 406 in
854 352 916 407 dial.
935 351 1096 408 neoloorioa.
1132 349 1192 411 351

119 615 346 679 Praeterea
368 611 563 676 irioativa
587 609 605 674 d
628 611 668 675 in
690 610 873 693 liquidas
897 611 916 674 t
938 622 976 682 st
998 633 1017 692 ρ
1041 630 1143 678 eom-

543 716 728 773 mutatur.

157 867 189 938 a)
211 862 245 926 in
268 862 288 927 l.
326 861 404 927 Sine
420 860 517 925 dubio
532 861 565 925 in
581 860 711 924 Lissdus
725 883 782 946 pro
796 859 977 945 Ὀδυσσεύς
993 887 1064 932 eum
1080 867 1199 950 aphae-

66 961 135 1027 resi
158 959 280 1024 vooalis
303 980 331 1022 0.
377 960 426 1024 De
455 959 542 1024 exitu
573 983 631 1035 εας
660 979 717 1042 pro
748 984 803 1038 ευς
832 962 870 1028 ei.
893 973 956 1030 vet.
980 961 1142 1049 Πρωτεύς
1168 971 1200 1029 et

67 1062 237 1142 Πρωτέας
245 1056 664 1140 Ατὶεῐορὴ.Τ1]θεω.ν.883.
687 1055 1028 1145 Araquegoppitum
1037 1062 1200 1139 Euboeae)

69 1154 298 1241 pronuntiatur
320 1175 405 1218 nuno
427 1155 522 1239 leporis
543 1175 601 1238 per
623 1155 816 1237 aphaeresin
839 1157 1029 1242 diphthongi
1057 1160 1096 1223 ui.
1143 1157 1199 1223 do·

70 1251 158 1340 θιήν
195 1270 281 1317 nune
316 1251 444 1316 auditur
485 1253 574 1318 velut
610 1252 821 1332 ludindrilon)
857 1273 916 1337 per
949 1255 1200 1322 eontraetionem

69 1352 210 1416 duarum
232 1349 392 1414 venalium
416 1350 474 1436 (ιη)
497 1349 530 1414 in
553 1351 567 1411 i
587 1357 619 1414 et
640 1351 744 1416 voeali
767 1372 785 1414 o
808 1351 841 1415 in
863 1372 882 1413 u
906 1353 1085 1418 obseurata.

160 1443 305 1530 usgildan
335 1446 437 1512 evasit
472 1466 512 1512 ex
548 1443 731 1530 ἄγκιόόνω,
767 1447 852 1529 quod
881 1449 1013 1515 verbum
1046 1448 1201 1516 rhinismo

68 1567 93 1612 a
108 1552 218 1612 vetere
234 1545 433 1610 substantivo
447 1541 529 1625 ἀκίς,
547 1543 621 1621 idon
637 1545 755 1628 (spina)
772 1544 952 1612 derivatum
968 1552 1025 1614 est.
1067 1546 1201 1627 ὄαῦκος,

70 1643 196 1708 davala
218 1642 441 1725 pronuntiatur
461 1661 547 1707 nune
569 1641 684 1725 lu'flcoq
708 1641 810 1726 loslrz'a
834 1650 893 1709 eet.

160 1765 194 1832 Si
223 1763 341 1831 similia
369 1764 487 1830 frustra
514 1765 650 1848 requiris
680 1766 830 1849 exempla
861 1785 902 1832 ex
929 1767 1121 1850 antiquitate
1150 1766 1204 1834 de·

70 1870 219 1946 sumpta,
248 1862 432 1929 memineris
462 1861 481 1927 d
510 1863 711 1947 explosivam
738 1864 861 1945 lenem,
897 1884 979 1946 quae
1007 1871 1073 1928 tum
1099 1863 1203 1946 fuerit,

72 1966 231 2027 mutatam
255 1979 325 2026 esse
348 1960 381 2023 in
404 1959 581 2050 irieativam
603 1960 849 2026 interdentalem
874 1960 902 2039 d,
927 1982 1009 2044 qnae
1030 1980 1116 2027 nune
1132 1982 1204 2046 pro-

72 2059 257 2140 nuntiatur,
286 2056 430 2139 liquidae
457 2058 469 2120 l
496 2057 685 2141 proximam.
730 2057 822 2137 Quod
851 2060 878 2124 si
909 2066 1017 2124 tamen
1046 2059 1205 2140 quaedam

73 2156 215 2238 vestigia
237 2155 425 2237 expletivae
448 2155 523 2219 din
544 2154 700 2237 liquidam
726 2161 868 2220 mutatae
890 2155 1086 2237 invenimus,
1117 2155 1205 2222 lraud

72 2255 143 2322 seio
164 2272 208 2317 an
230 2251 308 2317 inde
330 2244 478 2317 ooneludi
501 2252 605 2334 lineat,
632 2252 750 2319 formas
772 2251 929 2318 eiusmodi
952 2253 1098 2334 linguae,
1123 2272 1206 2337 quae

74 2371 163 2418 nune
185 2355 301 2429 exstat,
324 2369 365 2414 ex
376 2349 455 2431 ipsis
470 2349 669 2430 antiquitatis
685 2345 793 2416 formis
814 2348 1026 2416 iam-mutatis
1042 2349 1206 2417 ducendas

72 2469 160 2517 esse.
197 2446 326 2513 Deinde
348 2465 427 2512 sono
451 2447 618 2530 explosivo
647 2447 768 2512 dentali
790 2447 824 2511 in
846 2447 1026 2513 frieativum
1044 2447 1206 2515 interden-

73 2549 176 2615 talem
199 2545 366 2610 imminuto
389 2544 491 2627 magis
520 2545 657 2610 etiami
686 2545 767 2610 illud
794 2565 834 2610 ex
858 2543 877 2609 d
899 2545 1018 2610 fautum
1039 2545 1206 2612 inerebuit.

164 2667 349 2764 Traduntur
371 2673 477 2732 autem
500 2667 541 2733 ab
564 2666 743 2752 Hesychia:
773 2665 894 2754 λάφνη,
923 2665 1053 2754 δάφνης
1080 2667 1206 2746 λίσκος,

76 2768 214 2849 ὄίσκος;
252 2765 293 2829 ab
322 2764 491 2830 Eustathio
520 2764 563 2829 ad
596 2761 733 2831 Iliadem
767 2767 845 2847 289,
870 2769 910 2830 34
935 2761 1115 2843 Ὀλυσσεύς
1148 2785 1207 2850 pro

71 2860 259 2937 Ὀδυσσεύς
281 2861 331 2939 (ef.
355 2862 506 2936 Roseher,
529 2861 620 2928 Stud.
643 2861 699 2944 IV,
724 2865 808 2941 200).

166 2960 377 3041 Frequentior
405 2959 456 3024 hio
482 2960 634 3025 transitus
663 2958 722 3023 fuit
742 2959 776 3024 in
798 2959 910 3041 lingua
932 2959 1034 3025 latina
1055 2966 1132 3026 ante
1154 2979 1208 3026 vo·

74 3059 183 3125 eales:
207 3058 353 3120 deorumn
369 3054 500 3141 (δάκρυ)
522 3064 678 3121 mutatum
698 3064 746 3122 est
767 3057 800 3120 in
823 3057 971 3128 lacrumo,
1005 3058 1048 3119 od
1068 3058 1101 3121 in
1128 3058 1209 3120 odor

75 3153 196 3241 (ὀσμή)
225 3154 259 3218 in
282 3155 329 3231 ol,
362 3159 398 3218 ut
420 3154 487 3216 oleo
510 3158 656 3235 testatur,
690 3151 838 3216 *sodimis
861 3158 1016 3218 mutatum
1042 3154 1075 3216 in
1096 3154 1207 3216 soleam

78 3253 241 3329 (sed-ere).

167 3351 201 3425 b)
240 3346 259 3412 d
282 3366 473 3431 quamquam
496 3365 578 3428 raro,
601 3346 762 3412 interdum
784 3352 894 3411 tamen
909 3366 929 3411 a
944 3345 1078 3411 Graecis
1101 3364 1209 3412 reeen-

75 3447 216 3516 tioribus
245 3446 278 3510 in
307 3467 326 3507 r
353 3451 508 3509 mutatur:
538 3442 661 3521 κλάδος
694 3444 783 3510 vonis
808 3435 1039 3509 deminutivum
1069 3441 1207 3507 κλαὸίον

76 3543 309 3631 pronuntiatur
330 3548 365 3607 ut
380 3541 542 3618 tiaratos),
566 3541 685 3608 deinde
699 3541 807 3611 Μάνης
836 3559 878 3606 ex
899 3541 961 3606 hae
983 3558 1062 3605 vone
1091 3538 1210 3606 deinde

78 3644 217 3710 verbum
233 3640 366 3704 lrlurduo
389 3639 569 3704 derivatum
585 3645 643 3704 est.
671 3635 881 3724 Ἀριστείδης
896 3637 1120 3722 pronuntiatur
1135 3638 1210 3698 Ari-

78 3742 180 3804 stu'ris.
219 3738 340 3804 Similis
360 3743 408 3802 est
430 3737 465 3800 in
478 3736 591 3818 lingua
602 3736 705 3801 latina
719 3735 897 3816 antiquiore
912 3733 1046 3799 mutatio
1061 3733 1210 3799 voeabuli

78 3839 237 3903 Maerens
258 3836 291 3900 in
315 3855 464 3897 armoinus
487 3838 519 3898 et
541 3834 717 3898 umbrioum
736 3852 839 3918 porrus
864 3852 922 3916 pro
940 3829 1081 3911 pedibus.

170 3933 340 3998 Transitus
369 3931 491 3998 nasalis
520 3955 543 4011 μ
571 3929 606 3995 in
629 3955 646 3996 ν
676 3930 727 4004 (ef.
758 3929 857 3996 Curtii
879 3928 929 3994 nl.
951 3928 1002 3994 nt
1032 3948 1063 4012 p.
1087 3930 1148 3994 408
1179 3934 1211 3996 et
