2828 4776
144 364 203 427 134
521 426 525 435 ,
622 357 792 431 Siegismund
895 420 898 424 ⁴

225 537 320 603 Nuno
347 542 455 602 autem
484 531 704 600 aooedendum
736 538 786 598 est
816 529 860 596 ad
892 527 1032 613 liquidas
1065 535 1097 595 et
1129 529 1271 617 nasalas.

139 655 220 719 quas
244 634 381 718 primum
413 630 599 700 traotandas
630 632 709 697 mihi
737 629 903 714 proposui,
936 647 1036 710 quae,
1071 645 1144 692 oum
1164 645 1271 711 paene

140 731 332 800 audemia
354 730 525 798 metathesi
545 729 704 795 rationem
726 733 910 810 sequantur,
934 725 1129 791 ooniunotim
1142 726 1271 794 aar}

140 836 173 896 et
194 829 314 897 debent
334 835 367 896 et
388 826 554 894 commode
574 832 719 910 possunt.

572 1216 759 1298 CAPUT
780 1215 836 1296 ΙΙ.

387 1387 447 1453 Du
468 1385 663 1465 LIQUIDIS
685 1387 742 1453 ΕΤ
768 1383 1022 1452 NASALIBUS.

141 1541 182 1604 A.
205 1541 259 1605 De
283 1538 472 1624 liquidorum
501 1547 534 1600 et
558 1539 711 1601 nasutium
739 1558 807 1602 oum
836 1537 994 1601 noualibus
1022 1535 1263 1602 commutatione,

449 1657 529 1721 quoa
545 1635 593 1720 fit
612 1638 643 1698 io
665 1637 775 1700 mediis
795 1634 961 1698 vocubulis.

411 1787 439 1853 Ι.
461 1787 661 1871 Liquidae
682 1794 999 1875 praeponuntur.

668 1962 742 2034 §a

227 2092 307 2158 Cum
329 2093 363 2157 in
392 2097 450 2169 §1
482 2092 525 2158 ad
558 2093 746 2169 metathesis
778 2093 936 2158 rationem
957 2091 1212 2176 eognosoendam
1228 2079 1271 2153 id

143 2191 345 2277 potissimum
374 2209 454 2272 opus
483 2209 555 2256 esse
579 2190 774 2273 uiderimus,
805 2196 842 2255 ut
868 2189 988 2255 auxilio
1017 2190 1199 2272 linguarum
1217 2207 1271 2254 oo‘

141 2295 323 2373 gnatarum,
346 2307 429 2370 quae
450 2288 587 2371 singulis
604 2289 772 2355 vocabulis
785 2288 908 2384 formae
922 2287 1094 2372 primariae
1107 2288 1271 2354 subiectae

141 2387 222 2468 sint,
256 2385 455 2468 exploretur,
489 2386 555 2450 iam
582 2384 617 2451 in
644 2385 706 2451 hoo
734 2405 855 2467 genere
875 2385 1013 2468 primum
1034 2385 1271 2468 respiciendum

143 2491 192 2551 est
214 2484 255 2548 in
277 2481 459 2548 omuibus
481 2483 635 2565 linguis
657 2482 964 2566 indegermanis
991 2483 1040 2548 ab
1066 2483 1271 2566 antiquis*

142 2580 257 2647 simis
311 2579 568 2662 temporibus
619 2581 804 2664 liquidas
854 2581 1004 2646 vieinis
1054 2582 1271 2647 vocalibus

143 2675 344 2762 praeponi
366 2677 567 2760 potuisse,
590 2679 801 2744 rarissime
821 2684 953 2743 autem
975 2679 1147 2745 vooales
1168 2677 1271 2744 anti·

143 2775 283 2858 oipari.
328 2774 398 2839 Iam
419 2794 497 2841 vero
518 2775 723 2842 manifestum
746 2782 810 2858 est,
840 2775 868 2841 si
895 2775 1065 2857 aliquoties
1094 2776 1129 2841 in
1159 2775 1271 2842 eodem

142 2872 301 2938 voeabulo
330 2873 510 2956 complures
536 2873 665 2956 linguas
686 2871 854 2939 seiunotim
877 2873 1080 2939 metathesim
1103 2872 1271 2940 admisisw

143 2969 324 3054 apparebit,
347 2990 412 3035 non
435 2987 563 3053 semper
577 2989 650 3036 eum
664 2970 842 3036 litterarum
859 2969 1013 3052 ordinem,
1036 2969 1071 3033 in
1086 2989 1150 3052 quo
1165 2970 1271 3053 pluras

142 3068 276 3151 linguae
297 3067 510 3147 consentiunt,
533 3087 591 3150 pro
613 3067 775 3150 primitivo
798 3086 870 3133 esse
891 3066 1087 3144 habendum,
1111 3067 1271 3149 quoniam,

143 3185 215 3232 oum
236 3164 270 3230 in
292 3163 440 3261 omnilrns
461 3165 573 3232 formis
593 3165 738 3248 eognatis
760 3165 950 3231 metathesis
970 3164 1056 3229 laeta
1078 3165 1130 3244 sit,
1153 3165 1187 3230 in
1207 3179 1271 3228 uua

143 3269 252 3330 tamen
281 3263 438 3345 pristinae
465 3261 659 3329 conditionis
697 3263 868 3345 vestigium
896 3261 1018 3328 servari
1052 3263 1168 3345 potuit.
1223 3261 1271 3326 Au

91 3418 96 3424 .
142 3362 283 3427 maxime
315 3359 495 3427 pavendum
526 3367 590 3438 est,
628 3379 671 3426 ne
704 3360 886 3426 inconsulto
921 3359 1040 3425 formas
1077 3360 1271 3443 antiquiores

142 3459 275 3542 linguae
296 3459 471 3524 sanseritae
494 3457 681 3540 tribuamus,
704 3476 787 3540 quae
809 3463 842 3523 et
862 3457 935 3540 ipsa
952 3455 1148 3539 liquidarum
1163 3453 1271 3523 antiei-

143 3557 307 3641 pationem
329 3556 478 3621 admittit.
521 3555 573 3620 Ab
595 3555 657 3620 hao
678 3562 785 3621 autem
800 3559 892 3637 parte
907 3552 1103 3620 Dietriohius
1117 3571 1271 3621 nonnum-

145 3675 240 3736 quam
276 3652 377 3721 lalsus
414 3659 477 3736 est,
514 3652 568 3735 qui
591 3672 618 3718 e.
640 3671 672 3735 g.
693 3656 768 3736 p.8
797 3652 832 3716 in
863 3672 910 3735 gr.
943 3656 1030 3737 τρέω
1068 3650 1150 3725 (rad.
1179 3652 1271 3735 τρεσ]

144 3752 321 3818 litterarum
344 3750 488 3817 ordinem
510 3756 682 3830 servatum,
705 3751 740 3814 in
761 3750 816 3815 lat.
841 3759 947 3812 terreo
971 3746 1051 3824 (rad.
1068 3753 1147 3828 tero)
1168 3737 1271 3814 vocali

144 3847 331 3931 praeposita
351 3854 505 3913 mutatum
529 3865 723 3913 assessor.
747 3849 878 3910 tros-oti
904 3847 1036 3929 oolligit.
1083 3846 1126 3912 At
1146 3841 1271 3912 intuta·

145 3942 225 4008 Cum
248 3945 343 4027 enim,
366 3945 457 4028 quae
470 3944 600 4027 neglegi
621 3964 687 4009 non
709 3943 839 4028 debent,
862 3963 947 4029 pers.
964 3954 1041 4028 torp,
1065 3944 1158 4012 tend.
1173 3952 1271 4020 caroffi
