2828 4776
561 330 594 386 de
612 330 754 387 metathesi
771 344 875 402 graeca.
965 411 967 415 Ι
1215 324 1273 387 137
1326 386 1330 399 ,

133 505 320 586 *hle-tam
342 507 512 586 oognatum
534 519 606 566 eum
628 501 734 565 helvas
755 509 815 568 eet.
838 502 881 567 ih.
903 504 972 582 191,
994 503 1135 565 etto-eus
1157 501 1274 583 (loeus),

144 601 238 687 quod
258 601 389 667 h'iokius
412 621 443 684 p.
467 601 529 663 212
551 617 621 664 eum
650 619 710 665 sor.
732 599 877 663 ethela-m
900 606 959 666 eet.
982 598 1209 684 eomposuitet,
1231 601 1275 665 al.

238 697 397 778 Quantum
418 704 527 764 autem
548 696 778 782 Indogermani
799 698 841 764 ah
858 698 949 764 initio
964 699 998 763 in
1013 697 1075 763 hoe
1089 697 1277 764 metathesis

157 816 252 880 genus
273 795 514 878 inclinaverint,
545 814 586 861 ex
608 814 646 862 eo
668 795 872 879 perspicuum
895 802 958 877 est,
985 795 1071 878 quod
1092 796 1127 862 in
1147 795 1276 878 quihus·

162 892 228 958 dam
242 894 399 976 exemplis
413 895 594 976 eompluues
615 894 746 978 linguae
767 898 926 977 cognatae
946 893 992 959 ita
1014 894 1219 976 conveniunt,
1242 900 1278 959 ut

165 991 337 1058 metathesis
358 989 402 1057 ad
422 991 504 1056 illud
528 996 673 1075 tempus,
707 1011 769 1074 quo
791 1011 850 1058 eae
872 991 1014 1057 nondum
1036 992 1201 1061 seiunetao
1223 1011 1277 1058 ex·

168 1088 289 1170 stabant,
318 1088 480 1172 pertinere
508 1087 665 1155 videatur.
709 1088 763 1156 Sio
785 1097 861 1156 ante
883 1088 1190 1172 Indogermanorum
1213 1089 1277 1156 dis·

169 1203 273 1251 cessum
305 1187 493 1253 metathesis
525 1187 611 1253 taeta
642 1185 770 1254 videtum
802 1187 835 1251 in
857 1186 984 1270 frotari-
1004 1188 1135 1253 nomine
1162 1185 1276 1253 arad.

170 1279 234 1344 itur
263 1284 368 1352 ferro
391 1283 486 1350 ducto
515 1290 559 1358 (v,
582 1285 685 1370 Bopp.
716 1284 799 1368 ‘Vgh
829 1284 980 1351 Gramm'
1003 1285 1070 1349 ΙΙΙ8
1095 1287 1165 1350 189.
1188 1283 1276 1350 Ourt.

171 1381 229 1446 284.
249 1381 338 1447 Fies.
364 1382 513 1462 14211),
536 1381 575 1448 of.
599 1401 659 1449 ser.
683 1381 1038 1459 11ν1111,1(1.ὸναίαν,
1060 1402 1107 1466 gr.
1131 1378 1275 1468 φράτηρ,

170 1475 205 1542 iit.
225 1477 401 1552 bruterilm,
424 1479 546 1546 sloven.
575 1478 702 1552 bruteri,
736 1485 801 1562 got.
824 1477 965 1564 brothor,
995 1481 1119 1547 hibern.
1142 1479 1274 1542 bruttia

172 1571 199 1638 In
230 1584 313 1644 tanto
351 1578 437 1644 enim
472 1577 613 1644 omnium
650 1578 834 1661 linguarum
873 1586 1079 1661 cognatamm
1119 1596 1277 1644 consensu

172 1669 293 1756 singulas
325 1675 493 1742 seiunctim
525 1675 660 1742 formam
682 1675 907 1760 primigeniam
935 1676 1080 1739 thor-ter
1107 1674 1278 1742 metathesi
1304 1719 1307 1725 -

173 1764 335 1838 immutasae
356 1792 451 1840 nemo
479 1774 597 1841 erodet.
642 1772 707 1840 Sed
735 1779 769 1837 ut
796 1773 881 1854 aliaf
911 1794 994 1856 quae
1026 1779 1100 1839 sunt
1133 1771 1277 1839 eiusdem

174 1870 288 1952 generis,
311 1870 486 1954 mittamus,
509 1870 669 1954 quaedam
693 1872 843 1953 exempla
860 1871 991 1937 Graoois
1006 1876 1038 1936 et
1053 1870 1178 1937 Latinis
1193 1890 1276 1935 oom-

173 1965 260 2032 nunia
290 1966 417 2035 adferre
449 1969 548 2035 lubet.
593 1969 646 2035 sio
674 1969 730 2034 iat.
760 1989 871 2031 oreore
898 1988 956 2050 pro
978 1965 1154 2045 *ere-jure
1176 1975 1208 2033 et
1229 1987 1276 2050 gr.

173 2070 347 2141 κρα-ια-ίνω
370 2066 414 2132 ad
436 2068 567 2151 stirpem
590 2066 722 2145 *lca-aja·
745 2064 849 2132 arad.
872 2069 932 2126 lcor
951 2062 1127 2130 derivatam
1142 2063 1278 2130 redeunt

172 2159 195 2218 11
213 2159 262 2228 lat.
284 2174 428 2249 rep-ente
448 2184 495 2249 gr.
512 2165 604 2252 ῥέπω
628 2184 647 2231 e
668 2164 820 2248 graeooit.
842 2160 965 2246 *serpo
979 2196 1021 2207 —
1037 2166 1156 2246 *oropo
1172 2192 1215 2212 ===
1229 2162 1277 2227 lit.

172 2249 266 2338 vim-iu
287 2260 383 2328 dueta
404 2269 479 2329 sunt
500 2267 542 2340 (v.¹
566 2262 653 2329 Curt.
672 2267 741 2327 147.
765 2264 849 2337 327).
886 2256 1024 2338 Λάκος,
1047 2259 1143 2336 λακίς
1162 2256 1277 2347 (ῥάκος

171 2353 394 2442 1111βράκος)
418 2366 450 2426 et
472 2362 526 2426 lat.
550 2362 636 2424 lacer
665 2366 734 2443 (pro
762 2357 932 2435 *elaeae-²⁶)
964 2356 1174 2442 probabiliter
1206 2376 1277 2422 oum

171 2461 214 2512 sor.
236 2451 330 2541 oroelc'
353 2455 398 2522 ad
424 2457 532 2541 indog.
555 2456 659 2521 *vorle
680 2463 872 2544 revoeantur
894 2453 991 2536 (eunt.
1014 2475 1046 2539 p.
1073 2460 1160 2537 152),
1195 2474 1278 2538 quae

170 2544 246 2616 radix
274 2572 379 2637 paene
410 2555 532 2620 intaeta
563 2555 691 2622 videtur
719 2556 827 2622 inesse
859 2554 893 2619 in
926 2573 986 2620 ser.
1021 2553 1128 2633 erto-s
1159 2553 1278 2638 lupus

170 2635 205 2711 (Is
226 2647 334 2736 Meyer
356 2651 439 2735 ‘Vgh
463 2652 613 2718 Gramm’
636 2654 661 2737 Ι,
678 2656 763 2732 361).
808 2651 887 2718 Oum
909 2671 985 2718 vero
1007 2651 1130 2729 arlia-r,
1163 2652 1278 2717 lituan.

168 2736 251 2810 viltor
282 2756 342 2816 eet.
377 2755 419 2823 (v.
442 2749 627 2816 Sohleieher
654 2751 771 2816 ‘Beitr.'
793 2751 819 2833 Ι,
843 2753 875 2827 6)
909 2748 952 2814 ad
983 2748 1092 2833 indog.
1125 2745 1278 2812 *varta-s

164 2835 298 2930 redeant
323 2848 387 2912 -vix
415 2847 547 2914 dubium
569 2859 641 2914 osse
663 2854 785 2933 potest,
815 2848 891 2930 quin
913 2845 990 2913 inde
1011 2844 1111 2923 λύκος
1133 2853 1165 2912 et
1187 2847 1278 2926 lupae

161 2933 265 3038 ⁰fidem
286 2944 383 3012 modo
406 2965 468 3029 quo
490 2943 619 3025 λάκ-ος,
643 2946 741 3008 loe-er
763 2965 782 3011 e
803 2945 871 3010 rad.
891 2944 970 3008 vorle
985 2951 1055 3009 orta
1069 2944 1143 3010 sint.
1180 2944 1279 3011 Nota·

159 3017 226 3103 bllis
247 3049 296 3109 est
318 3044 471 3110 transitus
493 3065 512 3108 o
534 3045 655 3110 voealis
677 3044 711 3108 in
734 3063 833 3124 u-u,
863 3044 916 3125 qui
944 3041 1032 3107 haud
1059 3041 1157 3107 dubie
1178 3043 1279 3125 prius-

153 3134 245 3204 quam
268 3140 281 3202 l
307 3147 571 3226 transponeretur
597 3141 701 3206 iaetus
729 3147 777 3206 est
804 3140 957 3222 cuiusque
985 3140 1136 3223 exempla
1163 3157 1279 3221 graeoa

149 3229 380 3306 θ0811111111
408 3239 482 3316 int
507 3245 535 3304 7.
580 3239 649 3305 Hoo
684 3238 755 3304 loeo
792 3237 997 3304 conferantur
1031 3235 1152 3301 formae
1188 3233 1277 3319 sholp

146 3309 217 3392 ssat·
242 3336 362 3421 sculpo)
384 3332 427 3382 -’-
448 3335 538 3421 slralp
568 3337 635 3414 (lat.
664 3323 802 3420 sezelpoi3
836 3355 854 3402 e
887 3334 1000 3418 quibus
1034 3333 1061 3400 si
1093 3329 1211 3418 γλάφω
1246 3338 1281 3424 et

139 3409 266 3514 Υλύφω
289 3432 386 3499 dueta
407 3441 482 3500 sunt
504 3433 616 3505 (Dietr.
638 3434 660 3499 l.
683 3434 705 3499 l.
728 3454 759 3516 p.
789 3439 833 3498 15.
870 3429 1007 3498 (ioresen
1030 3429 1180 3496 ‘Naehtn’
1206 3431 1277 3506 178)
1320 3429 1323 3434 ’

137 3563 453 3606 N—

214 3681 251 3751 21)
271 3683 419 3743 Corssenus
439 3686 581 3755 ‘Beitrtge'
592 3702 618 3754 p.
629 3690 687 3750 463,
707 3683 886 3757 ‘susspnmz
906 3685 955 3736 sto
973 3678 1190 3735 frustravidetur
1201 3678 1276 3733 oblo-

130 3745 229 3817 011211
243 3781 311 3821 esse.
336 3765 408 3821 Nam
425 3766 497 3836 quod
513 3767 537 3822 is
556 3782 578 3821 e.
596 3783 622 3834 g.
640 3766 712 3835 dicit,
725 3765 850 3820 radicem
866 3770 910 3818 sto
928 3763 996 3817 alias
1013 3765 1153 3831 semperst
1163 3775 1278 3829 servare,

126 3823 251 3901 nullius
269 3845 398 3901 momenti
415 3851 465 3911 est,
483 3862 545 3901 oum
562 3842 630 3903 alias
647 3863 702 3902 non
719 3846 755 3902 stt
771 3844 914 3922 metathesi
932 3842 1099 3899 convenient.

215 3924 253 3989 ²⁵)
271 3925 312 3981 De
332 3927 379 3982 lat.
399 3927 476 3996 lpro
494 3927 544 3982 *el
560 3927 708 3984 substituto
726 3945 748 3981 v.
768 3926 930 3982 Corssenum
947 3923 968 3990 Ι,
988 3927 1046 3992 312.
1066 3926 1124 3977 sto.
