2828 4776
144 363 203 426 188
301 350 304 357 ’
623 364 792 434 Siegismund

226 543 255 607 8.
279 538 372 602 Hom.
384 524 740 620 daoqmdg,dvoprrrvdg
751 537 876 619 vulgari
888 538 991 603 forma
1000 534 1156 621 ἀτραπός
1168 542 1257 624 excipi

59 708 61 711 .
140 638 204 712 iam
227 643 245 715 1
269 641 288 699 4
311 656 341 700 n.
367 635 446 699 aab.
474 635 799 701 commemoravimus.
846 635 924 700 Cum
947 643 1056 700 autem
1080 635 1259 704 dubitaveri-

72 749 75 755 ’
140 755 220 816 mus,
244 746 320 798 num
343 738 429 799 recte
452 733 502 797 his
523 734 688 798 vocabulis
710 732 851 798 radicem
866 755 953 815 τρεπ
969 737 1078 816 (capa)
1096 736 1260 802 subiectam

141 832 358 916 putavissent,
412 838 520 896 tamen
573 831 802 912 veriloquium,
846 828 931 911 quod
976 850 1108 913 prorsus
1152 843 1259 900 certum

140 930 297 1010 videatur,
320 948 385 992 non
408 928 613 1011 inpromptu
636 928 800 993 habemus.
846 927 1009 1012 Benfeyus
1024 929 1156 1012 quidem
1171 933 1196 1013 I,
1209 936 1259 1016 661

121 1037 280 1111 praeter.
296 1032 405 1091 cetera
432 1030 586 1107 τραπέω,
619 1025 704 1107 quod
734 1026 949 1091 exculcare
971 1028 1041 1091 sive
1063 1030 1259 1097 torculare

56 1187 59 1192 .
141 1124 315 1208 signifieat,
345 1123 492 1187 contulit:
533 1111 757 1188 Fortasse'hie
780 1142 907 1204 quoquc
929 1124 1040 1189 arad.
1064 1135 1117 1187 lor
1141 1134 1258 1194 terere

55 1218 70 1264 Ῑ·
142 1220 407 1307 proficiscendum
445 1227 494 1285 est
527 1220 578 1293 (ol.
610 1220 695 1303 quod
718 1241 777 1285 nos
799 1225 921 1304 epiri-or
945 1240 963 1286 e
985 1245 1095 1303 cupro
1124 1223 1257 1291 duximus

142 1328 160 1399 §
185 1327 202 1386 7
226 1343 257 1385 n.
278 1323 372 1406 ¹120),
407 1324 441 1381 ut
472 1313 657 1401 ἆ-ταρπός,
692 1315 896 1401 ‹il-,roprande
930 1321 1013 1394 (eum
1043 1322 1256 1404 &copulative

140 1419 227 1502 quod
243 1418 363 1487 dicunt)
387 1415 534 1480 similiter
556 1435 594 1480 ao
615 1421 733 1499 τρίβος
755 1417 884 1499 proprie
907 1416 974 1478 ‘der
989 1416 1154 1480 betretene’
1176 1421 1257 1502 signi·

141 1516 221 1582 ficet.
267 1516 348 1578 Turn
371 1533 412 1578 ne
433 1513 467 1577 in
490 1513 540 1578 his
563 1512 692 1594 quidem
721 1516 866 1579 vocalem
894 1513 1118 1598 anticipatum,
1152 1519 1255 1584 sedin

143 1609 296 1695 ἀτραπός
317 1611 471 1692 liquidam
495 1611 711 1694 praepositam
736 1631 806 1694 esse
829 1610 1071 1677 concedendum
1094 1621 1153 1680 est.
1181 1652 1184 1656 Δ

26 1784 29 1790 ¹
79 1778 81 1782 ,
228 1712 256 1773 9.
281 1714 424 1792 στεργίς,
448 1708 579 1792 aaron
600 1710 704 1773 vocali
720 1709 896 1791 anticipata
912 1728 952 1773 ex
968 1715 1132 1794 στρεγγίς,
1157 1715 1258 1798 στλεγ-Ι

69 1841 81 1892 3
143 1810 195 1890 γίς
229 1805 279 1888 (ef.
311 1805 350 1870 de
377 1806 428 1870 his
458 1806 567 1872 formis
596 1807 675 1871 Lob.
702 1829 733 1890 p.
754 1810 827 1882 502)
861 1806 1019 1888 prodiisse
1039 1809 1180 1876 'collatis
1209 1812 1253 1875 lat.

141 1905 288 1986 sarapidis,
319 1908 456 1985 utrinqu,
486 1904 594 1969 theod.
622 1906 715 1986 strio,
750 1914 858 1986 atroop
881 1911 939 1970 cet.
964 1911 1007 1981 tv.
1030 1904 1117 1972 Ourt.
1140 1930 1171 1991 p.
1194 1913 1253 1981 355)

40 2042 43 2050 ·
142 2001 258 2084 aliquis
288 2001 467 2084 suspicatus
495 2001 546 2066 sit.
591 2000 657 2066 Sed
680 2006 828 2084 orapyr'g,
864 2002 995 2085 στελγίς
1017 1998 1150 2087 propius
1171 2026 1190 2069 a
1209 2006 1253 2069 lat.

70 2134 73 2141 ·
143 2109 267 2182 torpere
290 2104 359 2182 (pro
382 2102 556 2180 *sterperel
579 2099 706 2180 absunt,
729 2119 760 2162 v.
777 2098 926 2164 Corsseni
949 2101 1015 2164 ‘Ka
1031 2097 1134 2168 beitrss
1149 2125 1179 2186 p.
1194 2105 1253 2181 437,

63 2197 65 2202 ’
142 2197 215 2263 Joh.
231 2195 400 2262 Schmidtii
423 2195 643 2261 ‘Vocalismus'
666 2197 728 2278 Ip.
747 2200 797 2260 55.
841 2195 922 2261 Rad.
945 2207 1064 2281 atronp,
1086 2203 1166 2282 strip
1188 2200 1255 2266 anti·

143 2295 295 2376 quissimo
317 2300 462 2376 tempore
484 2312 525 2357 ex
548 2300 660 2376 *scorp
683 2301 752 2358 orta
777 2292 912 2358 videtur.

231 2398 280 2457 10.
305 2390 533 2474 saepti-oiddia,
581 2397 768 2478 σχέραφ-ος
811 2397 842 2455 et
884 2393 1072 2475 κρέμβαλον
1115 2396 1143 2460 si
1183 2398 1254 2461 recte

143 2491 276 2555 Fickius
298 2510 329 2571 p.
353 2492 414 2553 205
438 2508 509 2552 cum
531 2489 588 2554 lat.
612 2510 744 2573 cropore
772 2488 964 2571 composuit,
999 2509 1061 2570 ego
1095 2497 1202 2558 tamen
1229 2490 1254 2552 in

142 2587 209 2652 illis
231 2586 418 2670 primarium
439 2586 616 2651 litterarum
639 2586 783 2652 ordinem
802 2605 977 2668 agnoscere
992 2608 1030 2651 ae
1044 2587 1154 2655 formis
1170 2595 1256 2674 κρέμ-

143 2684 247 2766 βαλον
271 2691 303 2748 et
324 2684 378 2747 lat.
396 2704 527 2767 cropore
548 2683 703 2765 liquidam
721 2685 891 2749 metathesi
906 2686 1115 2768 anticipatam
1132 2689 1256 2753 tribuere

143 2781 264 2846 malim.

233 2883 280 2941 11.
304 2878 355 2942 De
377 2882 512 2962 τέρχνος
533 2897 695 2960 germen
718 2879 884 2967 (Hesych.:
908 2885 1062 2964 τέρχνεᾱ·
1086 2881 1177 2967 φυτὰ
1199 2881 1256 2953 νέα)

119 2983 176 3063 ι11
198 2980 335 3065 spernor
350 2975 513 3058 (Hesych.)
535 2997 664 3061 prorsus
686 2998 750 3046 non
773 2985 913 3058 constat,
943 2998 1013 3043 cum
1037 2985 1168 3062 etymon
1189 2999 1257 3044 non·

145 3072 220 3137 dum
242 3073 429 3154 indagatum
453 3073 503 3138 sit.
548 3074 631 3138 Nam
655 3073 740 3155 quod
757 3072 931 3140 Oorssenus
955 3072 1021 3139 ‘Ka
1038 3076 1146 3142 Beitr.'
1161 3100 1191 3161 p.
1212 3075 1256 3140 141
1296 3095 1298 3099 ’

72 3248 74 3252 ,
144 3173 199 3236 lat.
224 3181 351 3232 truncas
372 3171 514 3254 (auctore
536 3171 679 3252 Vossiol,
710 3170 818 3236 theod.
841 3173 964 3254 struck,
983 3166 1105 3235 'strunt
1127 3175 1258 3252 contulit,

144 3287 256 3333 vereor
283 3273 317 3332 ut
343 3268 472 3351 probari
494 3268 605 3350 possit.
650 3265 712 3344 (De
733 3268 789 3332 lat.
813 3279 940 3332 tricacos
961 3291 991 3334 v.
1014 3271 1106 3335 Fick.
1130 3294 1162 3355 p.
1186 3276 1258 3342 366.)

229 3367 280 3431 De
301 3366 426 3432 arboris
448 3366 632 3431 nominibus
654 3365 817 3450 βάρβιλος
840 3373 871 3433 et
892 3366 1071 3450 βράβυλος,
1096 3369 1137 3435 de
1152 3367 1259 3453 κιρσὸς

145 3463 307 3547 (Hippocr.
330 3485 362 3546 p.
387 3467 445 3527 321
472 3463 525 3537 K.)
560 3462 755 3546 θ1κρισσός
785 3464 835 3528 lol.
858 3463 997 3548 Hesyeh.
1021 3486 1046 3531 s.
1071 3487 1101 3530 v.
1129 3465 1258 3551 κιρσός),

144 3561 217 3626 aliis
240 3561 336 3627 etiam
359 3560 461 3624 maior
483 3566 532 3624 est
560 3559 727 3646 dubitatio.
773 3560 850 3626 Cum
884 3570 994 3629 autem,
1020 3562 1103 3627 illud
1136 3565 1259 3631 alterum

144 3676 245 3738 genus
267 3664 334 3723 tam
356 3660 423 3723 late
448 3663 559 3740 patere
588 3658 846 3745 cognoverimus,
879 3658 913 3742 in
942 3660 993 3724 his
1021 3680 1147 3742 quoque
1176 3662 1258 3726 facilc

119 3747 348 3837 adducimur,
378 3762 412 3819 ut
440 3774 496 3819 eas
518 3755 652 3836 formas,
676 3755 709 3820 in
732 3757 846 3837 quibus
869 3757 991 3821 vocalis
1014 3757 1158 3837 liquidae
1179 3775 1256 3842 prae

145 3851 239 3930 cedit,
262 3852 457 3934 antiquiores
480 3851 663 3917 habeamus.
