<?xml version="1.0" encoding="UTF-8"?>
<!DOCTYPE html PUBLIC "-//W3C//DTD XHTML 1.0 Transitional//EN"
    "http://www.w3.org/TR/xhtml1/DTD/xhtml1-transitional.dtd">
<html xmlns="http://www.w3.org/1999/xhtml" xml:lang="en" lang="en">
 <head>
  <title>
</title>
<meta http-equiv="Content-Type" content="text/html;charset=utf-8" />
  <meta name='ocr-system' content='tesseract 3.04.00' />
  <meta name='ocr-capabilities' content='ocr_page ocr_carea ocr_par ocr_line ocrx_word'/>
</head>
<body>
  <div class='ocr_page' id='page_1' title='image "./studienzurgriec02curtgoog/studienzurgriec02curtgoog_0137.png"; bbox 0 0 2828 4776; ppageno 0'>
   <div class='ocr_carea' id='block_1_1' title="bbox 147 342 793 422">
    <p class='ocr_par' dir='ltr' id='par_1_1' title="bbox 147 342 793 422">
     <span class='ocr_line' id='line_1_1' title="bbox 147 342 793 422; baseline 0.006 -19"><span class='ocrx_word' id='word_1_1' title='bbox 147 342 207 404; x_wconf 81' lang='lat'>126</span> <span class='ocrx_word' id='word_1_2' title='bbox 261 347 263 351; x_wconf 81' lang='grc'><strong>’</strong></span> <span class='ocrx_word' id='word_1_3' title='bbox 624 350 793 422; x_wconf 81' lang='lat' dir='ltr'>Siegismund</span> 
     </span>
    </p>
   </div>
   <div class='ocr_carea' id='block_1_2' title="bbox 139 519 1256 3250">
    <p class='ocr_par' dir='ltr' id='par_1_2' title="bbox 142 519 1256 1391">
     <span class='ocr_line' id='line_1_2' title="bbox 143 519 1248 606; baseline 0.004 -20"><span class='ocrx_word' id='word_1_4' title='bbox 143 529 287 606; x_wconf 87' lang='lat' dir='ltr'>tempore</span> <span class='ocrx_word' id='word_1_5' title='bbox 302 519 443 588; x_wconf 84' lang='lat' dir='ltr'>Graeeos</span> <span class='ocrx_word' id='word_1_6' title='bbox 457 543 478 588; x_wconf 92' lang='lat' dir='ltr'>a</span> <span class='ocrx_word' id='word_1_7' title='bbox 493 544 542 588; x_wconf 79' lang='grc' dir='ltr'>σπ</span> <span class='ocrx_word' id='word_1_8' title='bbox 557 530 588 589; x_wconf 89' lang='lat' dir='ltr'>et</span> <span class='ocrx_word' id='word_1_9' title='bbox 603 545 643 588; x_wconf 89' lang='grc' dir='ltr'>σκ</span> <span class='ocrx_word' id='word_1_10' title='bbox 665 524 845 591; x_wconf 89' lang='lat' dir='ltr'>litterarum</span> <span class='ocrx_word' id='word_1_11' title='bbox 866 526 901 591; x_wconf 91' lang='lat' dir='ltr'>in</span> <span class='ocrx_word' id='word_1_12' title='bbox 922 524 1152 591; x_wconf 76' lang='lat' dir='ltr'>vocabulorum</span> <span class='ocrx_word' id='word_1_13' title='bbox 1171 522 1248 590; x_wconf 87' lang='lat' dir='ltr'>initiis</span> 
     </span>
     <span class='ocr_line' id='line_1_3' title="bbox 143 621 1249 706; baseline -0.002 -17"><span class='ocrx_word' id='word_1_14' title='bbox 143 621 367 689; x_wconf 85' lang='lat' dir='ltr'>eoniunotione</span> <span class='ocrx_word' id='word_1_15' title='bbox 394 622 568 688; x_wconf 91' lang='lat' dir='ltr'>abhorrere</span> <span class='ocrx_word' id='word_1_16' title='bbox 594 624 756 706; x_wconf 78' lang='lat' dir='ltr'>coepisse3</span> <span class='ocrx_word' id='word_1_17' title='bbox 784 623 818 688; x_wconf 95' lang='lat' dir='ltr'>id</span> <span class='ocrx_word' id='word_1_18' title='bbox 847 624 934 689; x_wconf 91' lang='lat' dir='ltr'>enim</span> <span class='ocrx_word' id='word_1_19' title='bbox 954 637 998 689; x_wconf 74' lang='lat' dir='ltr'>&#39;ex</span> <span class='ocrx_word' id='word_1_20' title='bbox 1019 641 1059 690; x_wconf 84' lang='lat' dir='ltr'>eo</span> <span class='ocrx_word' id='word_1_21' title='bbox 1082 621 1249 705; x_wconf 75' lang='lat' dir='ltr'>colligimus</span> 
     </span>
     <span class='ocr_line' id='line_1_4' title="bbox 143 719 1253 804; baseline -0.002 -18"><span class='ocrx_word' id='word_1_22' title='bbox 143 720 229 804; x_wconf 89' lang='lat' dir='ltr'>quod</span> <span class='ocrx_word' id='word_1_23' title='bbox 255 741 277 785; x_wconf 87' lang='grc' dir='ltr'><strong><em>σ</em></strong></span> <span class='ocrx_word' id='word_1_24' title='bbox 304 719 474 802; x_wconf 80' lang='lat' dir='ltr'>aliquoties</span> <span class='ocrx_word' id='word_1_25' title='bbox 500 720 660 787; x_wconf 91' lang='lat' dir='ltr'>abieotum</span> <span class='ocrx_word' id='word_1_26' title='bbox 688 720 846 788; x_wconf 84' lang='lat' dir='ltr'>videmus.</span> <span class='ocrx_word' id='word_1_27' title='bbox 890 719 956 787; x_wconf 87' lang='lat' dir='ltr'>Sed</span> <span class='ocrx_word' id='word_1_28' title='bbox 984 719 1072 804; x_wconf 89' lang='lat' dir='ltr'>quod</span> <span class='ocrx_word' id='word_1_29' title='bbox 1100 721 1137 785; x_wconf 92' lang='lat' dir='ltr'>in</span> <span class='ocrx_word' id='word_1_30' title='bbox 1164 719 1253 784; x_wconf 82' lang='lat' dir='ltr'>multis</span> 
     </span>
     <span class='ocr_line' id='line_1_5' title="bbox 142 818 1254 902; baseline -0.002 -18"><span class='ocrx_word' id='word_1_31' title='bbox 142 818 216 884; x_wconf 93' lang='lat' dir='ltr'>aliis</span> <span class='ocrx_word' id='word_1_32' title='bbox 237 818 395 900; x_wconf 84' lang='lat' dir='ltr'>exemplis</span> <span class='ocrx_word' id='word_1_33' title='bbox 418 840 439 883; x_wconf 90' lang='grc' dir='ltr'>σ</span> <span class='ocrx_word' id='word_1_34' title='bbox 459 839 526 883; x_wconf 92' lang='lat' dir='ltr'>non</span> <span class='ocrx_word' id='word_1_35' title='bbox 547 818 723 900; x_wconf 79' lang='lat' dir='ltr'>abiectum,</span> <span class='ocrx_word' id='word_1_36' title='bbox 756 818 815 884; x_wconf 86' lang='lat' dir='ltr'>sed</span> <span class='ocrx_word' id='word_1_37' title='bbox 837 819 1069 902; x_wconf 87' lang='lat' dir='ltr'>transpositum</span> <span class='ocrx_word' id='word_1_38' title='bbox 1092 825 1157 895; x_wconf 90' lang='lat' dir='ltr'>est,</span> <span class='ocrx_word' id='word_1_39' title='bbox 1184 824 1254 898; x_wconf 86' lang='lat' dir='ltr'>utq</span> 
     </span>
     <span class='ocr_line' id='line_1_6' title="bbox 145 914 1256 1000; baseline 0 -18"><span class='ocrx_word' id='word_1_40' title='bbox 145 923 178 983; x_wconf 92' lang='lat' dir='ltr'>et</span> <span class='ocrx_word' id='word_1_41' title='bbox 199 918 219 996; x_wconf 87' lang='grc' dir='ltr'><strong><em>ξ</em></strong></span> <span class='ocrx_word' id='word_1_42' title='bbox 238 914 420 1000; x_wconf 84' lang='lat' dir='ltr'><strong>prodirent,</strong></span> <span class='ocrx_word' id='word_1_43' title='bbox 449 915 483 982; x_wconf 92' lang='lat' dir='ltr'>in</span> <span class='ocrx_word' id='word_1_44' title='bbox 513 935 552 982; x_wconf 90' lang='lat' dir='ltr'>ea</span> <span class='ocrx_word' id='word_1_45' title='bbox 573 935 609 982; x_wconf 91' lang='lat' dir='ltr'>re</span> <span class='ocrx_word' id='word_1_46' title='bbox 631 918 729 983; x_wconf 89' lang='lat' dir='ltr'>aliam</span> <span class='ocrx_word' id='word_1_47' title='bbox 753 915 915 1000; x_wconf 90' lang='lat' dir='ltr'>quandam</span> <span class='ocrx_word' id='word_1_48' title='bbox 938 936 1069 983; x_wconf 89' lang='lat' dir='ltr'>eausam</span> <span class='ocrx_word' id='word_1_49' title='bbox 1097 914 1256 982; x_wconf 75' lang='lat' dir='ltr'><strong>accessisse</strong></span> 
     </span>
     <span class='ocr_line' id='line_1_7' title="bbox 142 1012 1256 1098; baseline -0.002 -19"><span class='ocrx_word' id='word_1_50' title='bbox 142 1021 241 1097; x_wconf 85' lang='lat' dir='ltr'>patet.</span> <span class='ocrx_word' id='word_1_51' title='bbox 286 1012 366 1079; x_wconf 79' lang='lat' dir='ltr'>(ium</span> <span class='ocrx_word' id='word_1_52' title='bbox 393 1034 471 1081; x_wconf 84' lang='lat' dir='ltr'>vero</span> <span class='ocrx_word' id='word_1_53' title='bbox 500 1015 566 1079; x_wconf 87' lang='lat' dir='ltr'>iam</span> <span class='ocrx_word' id='word_1_54' title='bbox 587 1015 784 1082; x_wconf 89' lang='lat' dir='ltr'>Dietriohius</span> <span class='ocrx_word' id='word_1_55' title='bbox 806 1016 828 1079; x_wconf 89' lang='lat' dir='ltr'>l.</span> <span class='ocrx_word' id='word_1_56' title='bbox 851 1016 872 1079; x_wconf 95' lang='lat' dir='ltr'>l.</span> <span class='ocrx_word' id='word_1_57' title='bbox 895 1035 927 1098; x_wconf 90' lang='lat' dir='ltr'>p.</span> <span class='ocrx_word' id='word_1_58' title='bbox 951 1020 971 1078; x_wconf 89' lang='lat'>4</span> <span class='ocrx_word' id='word_1_59' title='bbox 1000 1021 1087 1082; x_wconf 84' lang='lat' dir='ltr'>reete</span> <span class='ocrx_word' id='word_1_60' title='bbox 1114 1012 1256 1079; x_wconf 89' lang='lat' dir='ltr'>monuerit</span> 
     </span>
     <span class='ocr_line' id='line_1_8' title="bbox 142 1109 1256 1195; baseline -0.004 -17"><span class='ocrx_word' id='word_1_61' title='bbox 142 1111 248 1178; x_wconf 92' lang='lat' dir='ltr'>studio</span> <span class='ocrx_word' id='word_1_62' title='bbox 278 1113 477 1195; x_wconf 79' lang='lat' dir='ltr'>euphoniae,</span> <span class='ocrx_word' id='word_1_63' title='bbox 511 1119 546 1177; x_wconf 91' lang='lat' dir='ltr'>ut</span> <span class='ocrx_word' id='word_1_64' title='bbox 566 1113 656 1179; x_wconf 90' lang='lat' dir='ltr'>ouius</span> <span class='ocrx_word' id='word_1_65' title='bbox 678 1113 768 1195; x_wconf 89' lang='lat' dir='ltr'>leges</span> <span class='ocrx_word' id='word_1_66' title='bbox 789 1112 961 1195; x_wconf 82' lang='lat' dir='ltr'>ambiguae</span> <span class='ocrx_word' id='word_1_67' title='bbox 982 1120 1014 1179; x_wconf 87' lang='lat' dir='ltr'>et</span> <span class='ocrx_word' id='word_1_68' title='bbox 1035 1111 1202 1177; x_wconf 82' lang='lat' dir='ltr'>instabiles</span> <span class='ocrx_word' id='word_1_69' title='bbox 1219 1109 1256 1174; x_wconf 84' lang='lat' dir='ltr'>iu-</span> 
     </span>
     <span class='ocr_line' id='line_1_9' title="bbox 142 1208 1256 1293; baseline -0.002 -17"><span class='ocrx_word' id='word_1_70' title='bbox 142 1208 241 1290; x_wconf 89' lang='lat' dir='ltr'>erint,</span> <span class='ocrx_word' id='word_1_71' title='bbox 274 1231 341 1275; x_wconf 91' lang='lat' dir='ltr'>non</span> <span class='ocrx_word' id='word_1_72' title='bbox 368 1211 501 1275; x_wconf 89' lang='lat' dir='ltr'>multum</span> <span class='ocrx_word' id='word_1_73' title='bbox 531 1210 702 1293; x_wconf 77' lang='lat' dir='ltr'>explicari,</span> <span class='ocrx_word' id='word_1_74' title='bbox 736 1217 846 1277; x_wconf 90' lang='lat' dir='ltr'>tamen</span> <span class='ocrx_word' id='word_1_75' title='bbox 866 1210 984 1276; x_wconf 90' lang='lat' dir='ltr'>iniuria</span> <span class='ocrx_word' id='word_1_76' title='bbox 1006 1211 1048 1278; x_wconf 92' lang='lat' dir='ltr'>de</span> <span class='ocrx_word' id='word_1_77' title='bbox 1070 1208 1256 1276; x_wconf 84' lang='lat' dir='ltr'>enuoleunda</span> 
     </span>
     <span class='ocr_line' id='line_1_10' title="bbox 142 1307 865 1391; baseline 0.001 -18"><span class='ocrx_word' id='word_1_78' title='bbox 142 1327 240 1374; x_wconf 86' lang='lat' dir='ltr'>eausa</span> <span class='ocrx_word' id='word_1_79' title='bbox 261 1307 501 1391; x_wconf 89' lang='lat' dir='ltr'>desperandum</span> <span class='ocrx_word' id='word_1_80' title='bbox 522 1308 617 1373; x_wconf 90' lang='lat' dir='ltr'>nobis</span> <span class='ocrx_word' id='word_1_81' title='bbox 638 1327 711 1375; x_wconf 91' lang='lat' dir='ltr'>esse</span> <span class='ocrx_word' id='word_1_82' title='bbox 733 1308 865 1375; x_wconf 81' lang='lat' dir='ltr'>sensuit.</span> 
     </span>
    </p>

    <p class='ocr_par' dir='ltr' id='par_1_3' title="bbox 139 1405 1256 3250">
     <span class='ocr_line' id='line_1_11' title="bbox 228 1405 1256 1489; baseline -0.001 -19"><span class='ocrx_word' id='word_1_83' title='bbox 228 1405 312 1471; x_wconf 87' lang='lat' dir='ltr'>Nam</span> <span class='ocrx_word' id='word_1_84' title='bbox 341 1406 368 1471; x_wconf 92' lang='lat' dir='ltr'>si</span> <span class='ocrx_word' id='word_1_85' title='bbox 397 1425 437 1471; x_wconf 92' lang='lat' dir='ltr'>ea</span> <span class='ocrx_word' id='word_1_86' title='bbox 459 1407 623 1489; x_wconf 82' lang='lat' dir='ltr'>exempla,</span> <span class='ocrx_word' id='word_1_87' title='bbox 653 1406 709 1471; x_wconf 89' lang='lat' dir='ltr'>ubi</span> <span class='ocrx_word' id='word_1_88' title='bbox 730 1406 874 1489; x_wconf 86' lang='lat' dir='ltr'>liquidae</span> <span class='ocrx_word' id='word_1_89' title='bbox 896 1407 949 1473; x_wconf 87' lang='lat' dir='ltr'>vel</span> <span class='ocrx_word' id='word_1_90' title='bbox 970 1407 1102 1474; x_wconf 88' lang='lat' dir='ltr'>nasales</span> <span class='ocrx_word' id='word_1_91' title='bbox 1125 1424 1194 1472; x_wconf 88' lang='lat' dir='ltr'>eum</span> <span class='ocrx_word' id='word_1_92' title='bbox 1213 1423 1256 1469; x_wconf 80' lang='lat' dir='ltr'>ro</span> 
     </span>
     <span class='ocr_line' id='line_1_12' title="bbox 141 1502 1256 1588; baseline 0 -20"><span class='ocrx_word' id='word_1_93' title='bbox 141 1502 266 1568; x_wconf 81' lang='lat' dir='ltr'>salibus</span> <span class='ocrx_word' id='word_1_94' title='bbox 288 1510 530 1584; x_wconf 76' lang='lat' dir='ltr'>commutantur,</span> <span class='ocrx_word' id='word_1_95' title='bbox 557 1523 643 1569; x_wconf 90' lang='lat' dir='ltr'>nune</span> <span class='ocrx_word' id='word_1_96' title='bbox 664 1504 842 1588; x_wconf 82' lang='lat' dir='ltr'>excipimus</span> <span class='ocrx_word' id='word_1_97' title='bbox 862 1538 906 1550; x_wconf 94' lang='lat'>-—</span> <span class='ocrx_word' id='word_1_98' title='bbox 927 1503 969 1570; x_wconf 91' lang='lat' dir='ltr'>de</span> <span class='ocrx_word' id='word_1_99' title='bbox 991 1505 1107 1586; x_wconf 90' lang='lat' dir='ltr'>quibus</span> <span class='ocrx_word' id='word_1_100' title='bbox 1128 1521 1256 1570; x_wconf 87' lang='lat' dir='ltr'>seorsum</span> 
     </span>
     <span class='ocr_line' id='line_1_13' title="bbox 139 1599 1256 1685; baseline -0.003 -19"><span class='ocrx_word' id='word_1_101' title='bbox 139 1607 256 1682; x_wconf 87' lang='lat' dir='ltr'>agetur</span> <span class='ocrx_word' id='word_1_102' title='bbox 277 1637 328 1677; x_wconf 87' lang='lat'>-‚</span> <span class='ocrx_word' id='word_1_103' title='bbox 351 1600 539 1684; x_wconf 90' lang='lat' dir='ltr'>prinoipalis</span> <span class='ocrx_word' id='word_1_104' title='bbox 560 1600 648 1666; x_wconf 89' lang='lat' dir='ltr'>haud</span> <span class='ocrx_word' id='word_1_105' title='bbox 670 1600 768 1667; x_wconf 90' lang='lat' dir='ltr'>dubie</span> <span class='ocrx_word' id='word_1_106' title='bbox 789 1607 822 1667; x_wconf 92' lang='lat' dir='ltr'>et</span> <span class='ocrx_word' id='word_1_107' title='bbox 841 1620 920 1667; x_wconf 88' lang='lat' dir='ltr'>vera</span> <span class='ocrx_word' id='word_1_108' title='bbox 942 1620 1055 1685; x_wconf 86' lang='lat' dir='ltr'>eausa,</span> <span class='ocrx_word' id='word_1_109' title='bbox 1079 1621 1144 1684; x_wconf 90' lang='lat' dir='ltr'>qua</span> <span class='ocrx_word' id='word_1_110' title='bbox 1165 1599 1211 1683; x_wconf 86' lang='lat' dir='ltr'>lit,</span> <span class='ocrx_word' id='word_1_111' title='bbox 1228 1605 1256 1664; x_wconf 82' lang='lat' dir='ltr'>rt</span> 
     </span>
     <span class='ocr_line' id='line_1_14' title="bbox 140 1696 1256 1782; baseline -0.001 -19"><span class='ocrx_word' id='word_1_112' title='bbox 140 1698 320 1763; x_wconf 91' lang='lat' dir='ltr'>litterarum</span> <span class='ocrx_word' id='word_1_113' title='bbox 342 1696 421 1763; x_wconf 91' lang='lat' dir='ltr'>ordo</span> <span class='ocrx_word' id='word_1_114' title='bbox 443 1699 636 1781; x_wconf 83' lang='lat' dir='ltr'>immutetur,</span> <span class='ocrx_word' id='word_1_115' title='bbox 659 1700 740 1765; x_wconf 86' lang='lat' dir='ltr'>haee</span> <span class='ocrx_word' id='word_1_116' title='bbox 762 1706 820 1781; x_wconf 86' lang='lat' dir='ltr'>est,</span> <span class='ocrx_word' id='word_1_117' title='bbox 843 1698 938 1780; x_wconf 89' lang='lat' dir='ltr'>quod,</span> <span class='ocrx_word' id='word_1_118' title='bbox 961 1718 1032 1764; x_wconf 87' lang='lat' dir='ltr'>eum</span> <span class='ocrx_word' id='word_1_119' title='bbox 1054 1700 1089 1764; x_wconf 93' lang='lat' dir='ltr'>in</span> <span class='ocrx_word' id='word_1_120' title='bbox 1108 1697 1256 1782; x_wconf 78' lang='lat' dir='ltr'>loquendo</span> 
     </span>
     <span class='ocr_line' id='line_1_15' title="bbox 141 1793 1256 1879; baseline -0.001 -17"><span class='ocrx_word' id='word_1_121' title='bbox 141 1803 242 1862; x_wconf 89' lang='lat' dir='ltr'>totum</span> <span class='ocrx_word' id='word_1_122' title='bbox 274 1796 467 1861; x_wconf 88' lang='lat' dir='ltr'>voeabulum</span> <span class='ocrx_word' id='word_1_123' title='bbox 498 1797 533 1860; x_wconf 92' lang='lat' dir='ltr'>in</span> <span class='ocrx_word' id='word_1_124' title='bbox 565 1803 673 1863; x_wconf 91' lang='lat' dir='ltr'>mente</span> <span class='ocrx_word' id='word_1_125' title='bbox 705 1797 898 1878; x_wconf 86' lang='lat' dir='ltr'>habeamus,</span> <span class='ocrx_word' id='word_1_126' title='bbox 935 1795 1030 1863; x_wconf 84' lang='lat' dir='ltr'>laeile</span> <span class='ocrx_word' id='word_1_127' title='bbox 1065 1797 1100 1861; x_wconf 88' lang='lat' dir='ltr'>in</span> <span class='ocrx_word' id='word_1_128' title='bbox 1137 1793 1256 1879; x_wconf 78' lang='lat' dir='ltr'>singulis</span> 
     </span>
     <span class='ocr_line' id='line_1_16' title="bbox 142 1893 1256 1978; baseline 0 -20"><span class='ocrx_word' id='word_1_129' title='bbox 142 1893 257 1960; x_wconf 87' lang='lat' dir='ltr'>litteris</span> <span class='ocrx_word' id='word_1_130' title='bbox 278 1894 526 1977; x_wconf 85' lang='lat' dir='ltr'>pronuntiandis</span> <span class='ocrx_word' id='word_1_131' title='bbox 547 1914 827 1978; x_wconf 89' lang='lat' dir='ltr'>properamus,</span> <span class='ocrx_word' id='word_1_132' title='bbox 853 1895 899 1959; x_wconf 89' lang='lat' dir='ltr'>ita</span> <span class='ocrx_word' id='word_1_133' title='bbox 919 1900 955 1958; x_wconf 93' lang='lat' dir='ltr'>ut</span> <span class='ocrx_word' id='word_1_134' title='bbox 977 1913 1075 1959; x_wconf 91' lang='lat' dir='ltr'>unam</span> <span class='ocrx_word' id='word_1_135' title='bbox 1097 1895 1152 1960; x_wconf 91' lang='lat' dir='ltr'>vel</span> <span class='ocrx_word' id='word_1_136' title='bbox 1174 1893 1256 1961; x_wconf 83' lang='lat' dir='ltr'>etiam</span> 
     </span>
     <span class='ocr_line' id='line_1_17' title="bbox 141 1991 1256 2075; baseline -0.003 -18"><span class='ocrx_word' id='word_1_137' title='bbox 141 1993 322 2074; x_wconf 89' lang='lat' dir='ltr'>eomplures</span> <span class='ocrx_word' id='word_1_138' title='bbox 357 1992 482 2058; x_wconf 85' lang='lat' dir='ltr'>litteras</span> <span class='ocrx_word' id='word_1_139' title='bbox 518 1992 704 2075; x_wconf 90' lang='lat' dir='ltr'>priusquam</span> <span class='ocrx_word' id='word_1_140' title='bbox 741 1992 895 2058; x_wconf 88' lang='lat' dir='ltr'>debemus</span> <span class='ocrx_word' id='word_1_141' title='bbox 932 1991 1133 2075; x_wconf 82' lang='lat' dir='ltr'>proferamus</span> <span class='ocrx_word' id='word_1_142' title='bbox 1140 2040 1149 2074; x_wconf 96' lang='lat'>,</span> <span class='ocrx_word' id='word_1_143' title='bbox 1187 2007 1256 2074; x_wconf 83' lang='lat' dir='ltr'>quas</span> 
     </span>
     <span class='ocr_line' id='line_1_18' title="bbox 141 2083 1256 2172; baseline -0.002 -16"><span class='ocrx_word' id='word_1_144' title='bbox 141 2091 251 2156; x_wconf 79' lang='lat' dir='ltr'>autem</span> <span class='ocrx_word' id='word_1_145' title='bbox 273 2083 442 2157; x_wconf 89' lang='lat' dir='ltr'>omisimus·</span> <span class='ocrx_word' id='word_1_146' title='bbox 458 2126 500 2136; x_wconf 89' lang='lat'><em>-</em></span> <span class='ocrx_word' id='word_1_147' title='bbox 522 2110 593 2156; x_wconf 86' lang='lat' dir='ltr'>eum</span> <span class='ocrx_word' id='word_1_148' title='bbox 616 2091 711 2157; x_wconf 89' lang='lat' dir='ltr'>eain</span> <span class='ocrx_word' id='word_1_149' title='bbox 739 2090 890 2157; x_wconf 79' lang='lat' dir='ltr'>vocabuli</span> <span class='ocrx_word' id='word_1_150' title='bbox 917 2089 1059 2172; x_wconf 81' lang='lat' dir='ltr'>imagine</span> <span class='ocrx_word' id='word_1_151' title='bbox 1087 2091 1188 2156; x_wconf 90' lang='lat' dir='ltr'>menti</span> <span class='ocrx_word' id='word_1_152' title='bbox 1212 2089 1256 2154; x_wconf 89' lang='lat' dir='ltr'>im·</span> 
     </span>
     <span class='ocr_line' id='line_1_19' title="bbox 141 2186 1256 2271; baseline -0.002 -19"><span class='ocrx_word' id='word_1_153' title='bbox 141 2207 254 2271; x_wconf 90' lang='lat' dir='ltr'>pressa</span> <span class='ocrx_word' id='word_1_154' title='bbox 282 2208 353 2253; x_wconf 88' lang='lat' dir='ltr'>oum</span> <span class='ocrx_word' id='word_1_155' title='bbox 381 2188 447 2254; x_wconf 91' lang='lat' dir='ltr'>illis</span> <span class='ocrx_word' id='word_1_156' title='bbox 475 2189 646 2254; x_wconf 85' lang='lat' dir='ltr'>ooniunota</span> <span class='ocrx_word' id='word_1_157' title='bbox 674 2189 739 2254; x_wconf 90' lang='lat' dir='ltr'>sint</span> <span class='ocrx_word' id='word_1_158' title='bbox 760 2224 803 2234; x_wconf 91' lang='lat'>—</span> <span class='ocrx_word' id='word_1_159' title='bbox 824 2187 1047 2270; x_wconf 90' lang='lat' dir='ltr'>adiungamus.</span> <span class='ocrx_word' id='word_1_160' title='bbox 1099 2186 1256 2254; x_wconf 82' lang='lat' dir='ltr'>Celeritate</span> 
     </span>
     <span class='ocr_line' id='line_1_20' title="bbox 140 2283 1256 2370; baseline 0.002 -22"><span class='ocrx_word' id='word_1_161' title='bbox 140 2285 237 2368; x_wconf 87' lang='lat' dir='ltr'>igitur</span> <span class='ocrx_word' id='word_1_162' title='bbox 250 2284 406 2368; x_wconf 91' lang='lat' dir='ltr'>loquendi</span> <span class='ocrx_word' id='word_1_163' title='bbox 428 2284 570 2368; x_wconf 81' lang='lat' dir='ltr'>elfioitur,</span> <span class='ocrx_word' id='word_1_164' title='bbox 592 2292 637 2365; x_wconf 91' lang='lat' dir='ltr'>ut,</span> <span class='ocrx_word' id='word_1_165' title='bbox 661 2287 722 2353; x_wconf 90' lang='lat' dir='ltr'>etsi</span> <span class='ocrx_word' id='word_1_166' title='bbox 744 2305 845 2368; x_wconf 89' lang='lat' dir='ltr'>quae</span> <span class='ocrx_word' id='word_1_167' title='bbox 866 2285 993 2352; x_wconf 83' lang='lat' dir='ltr'>litterae</span> <span class='ocrx_word' id='word_1_168' title='bbox 1010 2283 1256 2370; x_wconf 76' lang='lat' dir='ltr'>pronuntiandae</span> 
     </span>
     <span class='ocr_line' id='line_1_21' title="bbox 141 2379 1256 2468; baseline 0 -21"><span class='ocrx_word' id='word_1_169' title='bbox 141 2382 207 2447; x_wconf 91' lang='lat' dir='ltr'>sint</span> <span class='ocrx_word' id='word_1_170' title='bbox 227 2388 315 2449; x_wconf 85' lang='lat' dir='ltr'>reete</span> <span class='ocrx_word' id='word_1_171' title='bbox 337 2383 509 2466; x_wconf 89' lang='lat' dir='ltr'>sentiatur,</span> <span class='ocrx_word' id='word_1_172' title='bbox 542 2391 652 2450; x_wconf 89' lang='lat' dir='ltr'>tamen</span> <span class='ocrx_word' id='word_1_173' title='bbox 675 2384 743 2450; x_wconf 87' lang='lat' dir='ltr'>sive</span> <span class='ocrx_word' id='word_1_174' title='bbox 764 2385 907 2468; x_wconf 84' lang='lat' dir='ltr'>imagine</span> <span class='ocrx_word' id='word_1_175' title='bbox 927 2383 1076 2450; x_wconf 88' lang='lat' dir='ltr'>voeabuli</span> <span class='ocrx_word' id='word_1_176' title='bbox 1098 2384 1203 2448; x_wconf 93' lang='lat' dir='ltr'>minus</span> <span class='ocrx_word' id='word_1_177' title='bbox 1221 2379 1256 2445; x_wconf 91' lang='lat' dir='ltr'>di·</span> 
     </span>
     <span class='ocr_line' id='line_1_22' title="bbox 141 2478 1256 2566; baseline -0.003 -22"><span class='ocrx_word' id='word_1_178' title='bbox 141 2479 257 2545; x_wconf 87' lang='lat' dir='ltr'>stinete</span> <span class='ocrx_word' id='word_1_179' title='bbox 285 2481 394 2546; x_wconf 89' lang='lat' dir='ltr'>animo</span> <span class='ocrx_word' id='word_1_180' title='bbox 426 2487 595 2565; x_wconf 85' lang='lat' dir='ltr'>eoneepta,</span> <span class='ocrx_word' id='word_1_181' title='bbox 630 2482 700 2548; x_wconf 84' lang='lat' dir='ltr'>sive</span> <span class='ocrx_word' id='word_1_182' title='bbox 732 2483 881 2566; x_wconf 87' lang='lat' dir='ltr'>loquelae</span> <span class='ocrx_word' id='word_1_183' title='bbox 911 2480 1133 2548; x_wconf 82' lang='lat' dir='ltr'>instrumentis</span> <span class='ocrx_word' id='word_1_184' title='bbox 1161 2478 1256 2563; x_wconf 85' lang='lat' dir='ltr'>paullo</span> 
     </span>
     <span class='ocr_line' id='line_1_23' title="bbox 141 2576 1256 2663; baseline -0.002 -22"><span class='ocrx_word' id='word_1_185' title='bbox 141 2576 305 2660; x_wconf 90' lang='lat' dir='ltr'>impeditis</span> <span class='ocrx_word' id='word_1_186' title='bbox 331 2579 366 2642; x_wconf 91' lang='lat' dir='ltr'>in</span> <span class='ocrx_word' id='word_1_187' title='bbox 395 2578 509 2645; x_wconf 87' lang='lat' dir='ltr'>ordine</span> <span class='ocrx_word' id='word_1_188' title='bbox 535 2580 714 2646; x_wconf 86' lang='lat' dir='ltr'>litterarum</span> <span class='ocrx_word' id='word_1_189' title='bbox 743 2583 949 2663; x_wconf 86' lang='lat' dir='ltr'>peouetur¹⁰);</span> <span class='ocrx_word' id='word_1_190' title='bbox 978 2577 1064 2662; x_wconf 89' lang='lat' dir='ltr'>quod</span> <span class='ocrx_word' id='word_1_191' title='bbox 1091 2577 1180 2643; x_wconf 87' lang='lat' dir='ltr'>idem</span> <span class='ocrx_word' id='word_1_192' title='bbox 1199 2593 1256 2642; x_wconf 86' lang='lat' dir='ltr'>ser·</span> 
     </span>
     <span class='ocr_line' id='line_1_24' title="bbox 142 2671 1256 2760; baseline -0.004 -20"><span class='ocrx_word' id='word_1_193' title='bbox 142 2675 263 2740; x_wconf 90' lang='lat' dir='ltr'>oenties</span> <span class='ocrx_word' id='word_1_194' title='bbox 284 2673 319 2739; x_wconf 93' lang='lat' dir='ltr'>in</span> <span class='ocrx_word' id='word_1_195' title='bbox 340 2675 435 2742; x_wconf 91' lang='lat' dir='ltr'>nobis</span> <span class='ocrx_word' id='word_1_196' title='bbox 456 2677 536 2760; x_wconf 90' lang='lat' dir='ltr'>ipsis</span> <span class='ocrx_word' id='word_1_197' title='bbox 557 2677 817 2745; x_wconf 86' lang='lat' dir='ltr'>animadvertere</span> <span class='ocrx_word' id='word_1_198' title='bbox 838 2678 929 2755; x_wconf 88' lang='lat' dir='ltr'>lieet,</span> <span class='ocrx_word' id='word_1_199' title='bbox 959 2697 1030 2743; x_wconf 88' lang='lat' dir='ltr'>eum</span> <span class='ocrx_word' id='word_1_200' title='bbox 1051 2676 1087 2740; x_wconf 90' lang='lat' dir='ltr'>iu</span> <span class='ocrx_word' id='word_1_201' title='bbox 1108 2671 1256 2757; x_wconf 87' lang='lat' dir='ltr'>loquendo</span> 
     </span>
     <span class='ocr_line' id='line_1_25' title="bbox 143 2774 1256 2859; baseline 0.001 -23"><span class='ocrx_word' id='word_1_202' title='bbox 143 2791 294 2837; x_wconf 87' lang='lat' dir='ltr'>erramus.</span> <span class='ocrx_word' id='word_1_203' title='bbox 319 2775 386 2839; x_wconf 84' lang='lat' dir='ltr'>·Ao</span> <span class='ocrx_word' id='word_1_204' title='bbox 413 2776 571 2841; x_wconf 88' lang='lat' dir='ltr'>nonnulla</span> <span class='ocrx_word' id='word_1_205' title='bbox 597 2776 786 2842; x_wconf 86' lang='lat' dir='ltr'>metathesis</span> <span class='ocrx_word' id='word_1_206' title='bbox 812 2795 951 2859; x_wconf 80' lang='lat' dir='ltr'>graesae</span> <span class='ocrx_word' id='word_1_207' title='bbox 979 2774 1131 2856; x_wconf 84' lang='lat' dir='ltr'>exempla</span> <span class='ocrx_word' id='word_1_208' title='bbox 1161 2774 1256 2856; x_wconf 71' lang='lat' dir='ltr'>aperie</span> 
     </span>
     <span class='ocr_line' id='line_1_26' title="bbox 141 2869 1256 2954; baseline -0.002 -21"><span class='ocrx_word' id='word_1_209' title='bbox 141 2869 372 2952; x_wconf 90' lang='lat' dir='ltr'>pronuntiandi</span> <span class='ocrx_word' id='word_1_210' title='bbox 393 2891 535 2938; x_wconf 92' lang='lat' dir='ltr'>errorum</span> <span class='ocrx_word' id='word_1_211' title='bbox 555 2873 658 2940; x_wconf 89' lang='lat' dir='ltr'>instar</span> <span class='ocrx_word' id='word_1_212' title='bbox 678 2874 809 2954; x_wconf 85' lang='lat' dir='ltr'>habent,</span> <span class='ocrx_word' id='word_1_213' title='bbox 833 2893 942 2940; x_wconf 90' lang='lat' dir='ltr'>eorum</span> <span class='ocrx_word' id='word_1_214' title='bbox 965 2869 1112 2954; x_wconf 87' lang='lat' dir='ltr'>quidem,</span> <span class='ocrx_word' id='word_1_215' title='bbox 1137 2870 1189 2951; x_wconf 92' lang='lat' dir='ltr'>qui</span> <span class='ocrx_word' id='word_1_216' title='bbox 1207 2881 1256 2930; x_wconf 85' lang='lat' dir='ltr'>usu</span> 
     </span>
     <span class='ocr_line' id='line_1_27' title="bbox 142 2963 1256 3038; baseline -0.004 -6"><span class='ocrx_word' id='word_1_217' title='bbox 142 2974 175 3032; x_wconf 93' lang='lat' dir='ltr'>et</span> <span class='ocrx_word' id='word_1_218' title='bbox 197 2967 427 3035; x_wconf 77' lang='lat' dir='ltr'>consuetudine</span> <span class='ocrx_word' id='word_1_219' title='bbox 450 3007 492 3018; x_wconf 89' lang='lat'>—</span> <span class='ocrx_word' id='word_1_220' title='bbox 514 2979 548 3037; x_wconf 89' lang='lat' dir='ltr'>ut</span> <span class='ocrx_word' id='word_1_221' title='bbox 575 2971 609 3037; x_wconf 90' lang='lat' dir='ltr'>fit</span> <span class='ocrx_word' id='word_1_222' title='bbox 636 2972 670 3036; x_wconf 91' lang='lat' dir='ltr'>in</span> <span class='ocrx_word' id='word_1_223' title='bbox 701 2991 912 3038; x_wconf 90' lang='lat' dir='ltr'>sermone-</span> <span class='ocrx_word' id='word_1_224' title='bbox 935 2969 1113 3036; x_wconf 80' lang='lat' dir='ltr'>constituti·</span> <span class='ocrx_word' id='word_1_225' title='bbox 1132 2971 1203 3033; x_wconf 91' lang='lat' dir='ltr'>sunt</span> <span class='ocrx_word' id='word_1_226' title='bbox 1227 2963 1256 3026; x_wconf 78' lang='lat' dir='ltr'>et</span> 
     </span>
     <span class='ocr_line' id='line_1_28' title="bbox 140 3059 1256 3153; baseline 0.005 -23"><span class='ocrx_word' id='word_1_227' title='bbox 140 3071 305 3148; x_wconf 89' lang='lat' dir='ltr'>tamquam</span> <span class='ocrx_word' id='word_1_228' title='bbox 334 3068 458 3134; x_wconf 88' lang='lat' dir='ltr'>sanoiti.</span> <span class='ocrx_word' id='word_1_229' title='bbox 502 3070 572 3135; x_wconf 87' lang='lat' dir='ltr'>Hue</span> <span class='ocrx_word' id='word_1_230' title='bbox 600 3069 764 3153; x_wconf 90' lang='lat' dir='ltr'>pertinent</span> <span class='ocrx_word' id='word_1_231' title='bbox 793 3067 987 3152; x_wconf 84' lang='lat' dir='ltr'>paucissima</span> <span class='ocrx_word' id='word_1_232' title='bbox 1018 3064 1078 3131; x_wconf 90' lang='lat' dir='ltr'>illa</span> <span class='ocrx_word' id='word_1_233' title='bbox 1111 3059 1256 3144; x_wconf 49' lang='lat' dir='ltr'>exempl&amp;</span> 
     </span>
     <span class='ocr_line' id='line_1_29' title="bbox 140 3158 1256 3250; baseline -0.008 -21"><span class='ocrx_word' id='word_1_234' title='bbox 140 3164 196 3229; x_wconf 89' lang='lat' dir='ltr'>ubi</span> <span class='ocrx_word' id='word_1_235' title='bbox 218 3163 353 3229; x_wconf 91' lang='lat' dir='ltr'>duarum</span> <span class='ocrx_word' id='word_1_236' title='bbox 375 3166 575 3250; x_wconf 85' lang='lat' dir='ltr'>syllabarum</span> <span class='ocrx_word' id='word_1_237' title='bbox 596 3167 723 3233; x_wconf 91' lang='lat' dir='ltr'>litterae</span> <span class='ocrx_word' id='word_1_238' title='bbox 744 3167 882 3232; x_wconf 84' lang='lat' dir='ltr'>invicem</span> <span class='ocrx_word' id='word_1_239' title='bbox 905 3170 1155 3250; x_wconf 80' lang='lat' dir='ltr'>commutantur,</span> <span class='ocrx_word' id='word_1_240' title='bbox 1180 3158 1256 3226; x_wconf 85' lang='lat' dir='ltr'>velut</span> 
     </span>
    </p>
   </div>
   <div class='ocr_carea' id='block_1_3' title="bbox 140 3467 1256 3789">
    <p class='ocr_par' dir='ltr' id='par_1_4' title="bbox 140 3467 1256 3718">
     <span class='ocr_line' id='line_1_30' title="bbox 140 3467 1256 3553; baseline -0.009 -17"><span class='ocrx_word' id='word_1_241' title='bbox 140 3497 220 3553; x_wconf 82' lang='lat' dir='ltr'>spuo,</span> <span class='ocrx_word' id='word_1_242' title='bbox 237 3487 291 3550; x_wconf 83' lang='lat' dir='ltr'>got.</span> <span class='ocrx_word' id='word_1_243' title='bbox 310 3483 404 3553; x_wconf 77' lang='lat' dir='ltr'>speive</span> <span class='ocrx_word' id='word_1_244' title='bbox 422 3485 473 3536; x_wconf 85' lang='lat' dir='ltr'>oet.</span> <span class='ocrx_word' id='word_1_245' title='bbox 491 3480 599 3549; x_wconf 79' lang='grc' dir='ltr'><strong><em>Σκῖφος</em></strong></span> <span class='ocrx_word' id='word_1_246' title='bbox 615 3481 737 3548; x_wconf 80' lang='lat' dir='ltr'>proxime</span> <span class='ocrx_word' id='word_1_247' title='bbox 754 3479 859 3534; x_wconf 86' lang='lat' dir='ltr'>accedit</span> <span class='ocrx_word' id='word_1_248' title='bbox 877 3479 912 3533; x_wconf 90' lang='lat' dir='ltr'>ad</span> <span class='ocrx_word' id='word_1_249' title='bbox 930 3477 1051 3534; x_wconf 85' lang='lat' dir='ltr'>scandin.</span> <span class='ocrx_word' id='word_1_250' title='bbox 1070 3479 1160 3548; x_wconf 79' lang='lat' dir='ltr'>seusu,</span> <span class='ocrx_word' id='word_1_251' title='bbox 1176 3467 1256 3529; x_wconf 78' lang='lat' dir='ltr'>deod·</span> 
     </span>
     <span class='ocr_line' id='line_1_31' title="bbox 141 3554 1256 3632; baseline -0.009 -14"><span class='ocrx_word' id='word_1_252' title='bbox 141 3567 191 3618; x_wconf 85' lang='lat' dir='ltr'>ret.</span> <span class='ocrx_word' id='word_1_253' title='bbox 210 3563 302 3628; x_wconf 80' lang='lat' dir='ltr'>scobs,</span> <span class='ocrx_word' id='word_1_254' title='bbox 322 3578 390 3632; x_wconf 90' lang='lat' dir='ltr'>quae</span> <span class='ocrx_word' id='word_1_255' title='bbox 408 3562 479 3617; x_wconf 89' lang='lat' dir='ltr'>idem</span> <span class='ocrx_word' id='word_1_256' title='bbox 497 3560 650 3629; x_wconf 82' lang='lat' dir='ltr'>significant</span> <span class='ocrx_word' id='word_1_257' title='bbox 666 3563 749 3628; x_wconf 84' lang='lat' dir='ltr'>atque</span> <span class='ocrx_word' id='word_1_258' title='bbox 765 3577 804 3628; x_wconf 74' lang='lat' dir='ltr'>gr,</span> <span class='ocrx_word' id='word_1_259' title='bbox 822 3563 885 3631; x_wconf 71' lang='grc' dir='ltr'>ξίφη</span> <span class='ocrx_word' id='word_1_260' title='bbox 909 3565 1031 3628; x_wconf 50' lang='lat' dir='ltr'>usurpa„</span> <span class='ocrx_word' id='word_1_261' title='bbox 1049 3559 1128 3614; x_wconf 83' lang='lat' dir='ltr'>radix</span> <span class='ocrx_word' id='word_1_262' title='bbox 1145 3554 1256 3612; x_wconf 73' lang='lat' dir='ltr'>sublata</span> 
     </span>
     <span class='ocr_line' id='line_1_32' title="bbox 141 3643 1237 3718; baseline -0.008 -19"><span class='ocrx_word' id='word_1_263' title='bbox 141 3649 182 3699; x_wconf 87' lang='lat' dir='ltr'>est</span> <span class='ocrx_word' id='word_1_264' title='bbox 199 3643 270 3715; x_wconf 78' lang='lat' dir='ltr'>elcop</span> <span class='ocrx_word' id='word_1_265' title='bbox 289 3643 333 3709; x_wconf 83' lang='lat' dir='ltr'>(ol.</span> <span class='ocrx_word' id='word_1_266' title='bbox 349 3643 396 3697; x_wconf 83' lang='lat' dir='ltr'>lat.</span> <span class='ocrx_word' id='word_1_267' title='bbox 412 3643 524 3698; x_wconf 81' lang='lat' dir='ltr'>scobere</span> <span class='ocrx_word' id='word_1_268' title='bbox 541 3645 611 3709; x_wconf 80' lang='lat' dir='ltr'>oet).</span> <span class='ocrx_word' id='word_1_269' title='bbox 1228 3705 1237 3718; x_wconf 39' lang='grc' dir='ltr'><strong><em>ο</em></strong></span> 
     </span>
    </p>

    <p class='ocr_par' dir='ltr' id='par_1_5' title="bbox 213 3708 1256 3789">
     <span class='ocr_line' id='line_1_33' title="bbox 213 3708 1256 3789; baseline -0.012 -11"><span class='ocrx_word' id='word_1_270' title='bbox 213 3725 245 3789; x_wconf 89' lang='lat'>¹⁰)</span> <span class='ocrx_word' id='word_1_271' title='bbox 261 3722 362 3778; x_wconf 84' lang='lat' dir='ltr'>Nescio</span> <span class='ocrx_word' id='word_1_272' title='bbox 381 3740 416 3779; x_wconf 89' lang='lat' dir='ltr'>an</span> <span class='ocrx_word' id='word_1_273' title='bbox 433 3723 504 3778; x_wconf 89' lang='lat' dir='ltr'>idem</span> <span class='ocrx_word' id='word_1_274' title='bbox 520 3723 636 3777; x_wconf 81' lang='lat' dir='ltr'>voluerit</span> <span class='ocrx_word' id='word_1_275' title='bbox 652 3722 685 3775; x_wconf 93' lang='lat' dir='ltr'>A.</span> <span class='ocrx_word' id='word_1_276' title='bbox 703 3719 829 3775; x_wconf 82' lang='lat' dir='ltr'>Kiihnius</span> <span class='ocrx_word' id='word_1_277' title='bbox 852 3720 894 3773; x_wconf 87' lang='lat' dir='ltr'>his</span> <span class='ocrx_word' id='word_1_278' title='bbox 917 3718 1006 3773; x_wconf 84' lang='lat' dir='ltr'>verbis</span> <span class='ocrx_word' id='word_1_279' title='bbox 1025 3718 1051 3782; x_wconf 83' lang='lat' dir='ltr'>(l.</span> <span class='ocrx_word' id='word_1_280' title='bbox 1071 3718 1090 3770; x_wconf 92' lang='lat' dir='ltr'>l.</span> <span class='ocrx_word' id='word_1_281' title='bbox 1108 3733 1135 3787; x_wconf 90' lang='lat' dir='ltr'>p.</span> <span class='ocrx_word' id='word_1_282' title='bbox 1154 3721 1188 3782; x_wconf 82' lang='lat'>9):</span> <span class='ocrx_word' id='word_1_283' title='bbox 1207 3708 1256 3764; x_wconf 69' lang='lat' dir='ltr'>Ille</span> 
     </span>
    </p>
   </div>
   <div class='ocr_carea' id='block_1_4' title="bbox 140 3779 1256 4030">
    <p class='ocr_par' dir='ltr' id='par_1_6' title="bbox 140 3779 1256 4030">
     <span class='ocr_line' id='line_1_34' title="bbox 140 3779 1256 3872; baseline -0.008 -14"><span class='ocrx_word' id='word_1_284' title='bbox 140 3819 176 3857; x_wconf 88' lang='lat' dir='ltr'>m.</span> <span class='ocrx_word' id='word_1_285' title='bbox 194 3805 242 3858; x_wconf 85' lang='lat' dir='ltr'>hat</span> <span class='ocrx_word' id='word_1_286' title='bbox 258 3803 337 3858; x_wconf 88' lang='lat' dir='ltr'>ihren</span> <span class='ocrx_word' id='word_1_287' title='bbox 354 3804 441 3872; x_wconf 88' lang='lat' dir='ltr'>grund</span> <span class='ocrx_word' id='word_1_288' title='bbox 457 3806 486 3859; x_wconf 91' lang='lat' dir='ltr'>in</span> <span class='ocrx_word' id='word_1_289' title='bbox 504 3804 577 3858; x_wconf 90' lang='lat' dir='ltr'>einer</span> <span class='ocrx_word' id='word_1_290' title='bbox 594 3817 755 3871; x_wconf 86' lang='lat' dir='ltr'>ungenauen</span> <span class='ocrx_word' id='word_1_291' title='bbox 773 3799 930 3867; x_wconf 87' lang='lat' dir='ltr'>auffassung</span> <span class='ocrx_word' id='word_1_292' title='bbox 947 3798 994 3852; x_wconf 90' lang='lat' dir='ltr'>des</span> <span class='ocrx_word' id='word_1_293' title='bbox 1012 3798 1185 3866; x_wconf 78' lang='lat' dir='ltr'>lautganzm,</span> <span class='ocrx_word' id='word_1_294' title='bbox 1204 3779 1256 3843; x_wconf 73' lang='lat' dir='ltr'>und</span> 
     </span>
     <span class='ocr_line' id='line_1_35' title="bbox 140 3870 1256 3952; baseline -0.012 -15"><span class='ocrx_word' id='word_1_295' title='bbox 140 3883 214 3937; x_wconf 82' lang='lat' dir='ltr'>disse</span> <span class='ocrx_word' id='word_1_296' title='bbox 231 3884 375 3938; x_wconf 80' lang='lat' dir='ltr'>wiederum</span> <span class='ocrx_word' id='word_1_297' title='bbox 391 3885 421 3945; x_wconf 84' lang='lat' dir='ltr'>in</span> <span class='ocrx_word' id='word_1_298' title='bbox 438 3883 485 3937; x_wconf 89' lang='lat' dir='ltr'>der</span> <span class='ocrx_word' id='word_1_299' title='bbox 501 3881 751 3952; x_wconf 81' lang='lat' dir='ltr'>gesohwindiglrsit,</span> <span class='ocrx_word' id='word_1_300' title='bbox 775 3881 824 3935; x_wconf 92' lang='lat' dir='ltr'>mit</span> <span class='ocrx_word' id='word_1_301' title='bbox 846 3881 963 3934; x_wconf 85' lang='lat' dir='ltr'>welcher</span> <span class='ocrx_word' id='word_1_302' title='bbox 985 3879 1034 3932; x_wconf 90' lang='lat' dir='ltr'>der</span> <span class='ocrx_word' id='word_1_303' title='bbox 1051 3879 1122 3946; x_wconf 81' lang='lat' dir='ltr'>geist</span> <span class='ocrx_word' id='word_1_304' title='bbox 1137 3870 1256 3932; x_wconf 74' lang='lat' dir='ltr'>sordem</span> 
     </span>
     <span class='ocr_line' id='line_1_36' title="bbox 141 3959 1115 4030; baseline -0.005 -13"><span class='ocrx_word' id='word_1_305' title='bbox 141 3964 276 4020; x_wconf 74' lang='lat' dir='ltr'>horbaren</span> <span class='ocrx_word' id='word_1_306' title='bbox 293 3964 405 4020; x_wconf 84' lang='lat' dir='ltr'>zeiohsn</span> <span class='ocrx_word' id='word_1_307' title='bbox 421 3980 483 4020; x_wconf 85' lang='lat' dir='ltr'>aum</span> <span class='ocrx_word' id='word_1_308' title='bbox 500 3963 701 4027; x_wconf 82' lang='lat' dir='ltr'>bezeichneten,</span> <span class='ocrx_word' id='word_1_309' title='bbox 720 3961 780 4017; x_wconf 90' lang='lat' dir='ltr'>dem</span> <span class='ocrx_word' id='word_1_310' title='bbox 797 3959 901 4030; x_wconf 87' lang='lat' dir='ltr'>begriff,</span> <span class='ocrx_word' id='word_1_311' title='bbox 919 3959 1060 4028; x_wconf 81' lang='lat' dir='ltr'>hbergeht.</span> <span class='ocrx_word' id='word_1_312' title='bbox 1080 3960 1115 4026; x_wconf 71' lang='lat' dir='ltr'>(i)</span> 
     </span>
    </p>
   </div>
   <div class='ocr_carea' id='block_1_5' title="bbox 0 0 1418 4776">
    <p class='ocr_par' dir='ltr' id='par_1_7' title="bbox 0 0 1418 4776">
     <span class='ocr_line' id='line_1_37' title="bbox 0 0 1418 4776; baseline 0 0"><span class='ocrx_word' id='word_1_313' title='bbox 0 0 1418 4776; x_wconf 95' lang='lat' dir='ltr'> </span> 
     </span>
    </p>
   </div>
  </div>
 </body>
</html>
