2828 4776
145 337 204 399 196
504 371 508 378 ·
624 342 793 412 Siegismund

142 534 248 596 quarn,
272 514 300 578 si
321 512 452 578 Fiekius
474 535 506 597 p.
536 516 575 578 88
598 521 685 580 reete
707 534 766 581 ser.
793 514 977 599 dranus-ju
1000 514 1161 579 naviter
1191 516 1250 580 aii·

144 610 240 692 quid
269 631 391 694 agere
425 611 562 692 confert,
591 611 726 678 fortasse
752 611 916 695 digamma
938 612 1053 677 elisum
1076 619 1134 677 est.
1176 612 1251 677 Idem

142 707 259 773 eadere
281 708 408 773 videtur
428 709 462 773 in
482 707 648 793 χρά-ομαι
671 716 712 787 (r.
734 710 952 792 Brugmanum
977 710 999 773 1.
1026 710 1048 773 1.
1071 731 1101 793 p.
1123 713 1205 794 158),
1223 731 1251 775 aa

142 805 290 871 similiter
321 807 355 871 in
386 804 496 892 γρά-ιυ
529 813 570 882 (v.
595 805 680 871 (inrt.
704 829 735 890 p.
758 811 848 889 436),
883 805 990 872 rud-w
1014 806 1058 890 (v.
1083 828 1179 892 supra
1200 810 1250 886 69)

143 902 305 984 quondam
330 925 346 965 s
367 905 401 968 in
422 903 540 969 radicis
563 903 626 969 fine
648 905 786 987 positum
820 911 896 970 erat.
948 905 1043 970 Talia
1076 906 1175 988 igitur
1202 927 1251 970 nen

142 999 185 1064 ad
206 1000 292 1065 hune
313 1002 418 1066 laeum
440 1001 613 1085 pertinent.

227 1097 293 1164 Sed
316 1118 356 1164 ex
377 1097 496 1184 indeg„
510 1097 616 1160 *dhar
639 1105 711 1178 (ser.
733 1098 879 1161 dtur-eti
899 1099 997 1180 niti),
1020 1100 1174 1182 graeeoit.
1189 1099 1250 1162 utre

143 1193 192 1268 (ei.
222 1215 269 1277 gr.
299 1193 539 1280 θρή-σασθαι,
572 1197 629 1260 iat.
653 1195 779 1278 fre-tus
807 1195 895 1261 Curt.
917 1218 949 1281 p.
966 1200 1041 1276 238)
1078 1203 1180 1262 ertum
1208 1206 1250 1262 est.

142 1291 257 1357 Graeci
273 1299 304 1357 et
319 1293 426 1358 Latini
442 1313 641 1358 communem
658 1293 779 1359 habent
799 1295 940 1360 radicem
960 1296 1015 1378 ptri
1038 1294 1154 1360 eedem
1176 1294 1249 1360 modu

141 1408 182 1454 ex
210 1389 319 1473 indog
342 1410 465 1469 pure
437 1391 487 1464 tei
516 1410 576 1455 ser.
599 1389 690 1455 zend.
711 1412 789 1474 par,
813 1392 860 1456 lit.
837 1394 956 1476 tpilti
975 1396 1047 1468 eet.)
1079 1392 1232 1457 duptam
1226 1412 1249 1454 ιι

141 1486 313 1574 πί--μπλη
314 1513 367 1568 μι,
392 1485 477 1572 πλή-
479 1512 556 1574 ρης,
580 1489 637 1552 lat.
657 1488 760 1571 ple-o
792 1488 856 1571 ple-
859 1499 908 1550 tua
936 1495 995 1554 eet.
1002 1491 1053 1570 9,)
1078 1509 1251 1572 quamquam

140 1591 270 1667 propter
306 1605 365 1650 sur.
400 1589 494 1670 prri-
465 1606 625 1647 n-:uus
650 1585 775 1668 plenus,
822 1588 902 1670 pre·
886 1595 1039 1647 -t-==aa
1066 1587 1171 1666 pietus
1205 1592 1253 1651 eet.

140 1689 385 1747 transmutatam
408 1683 525 1748 radicis
548 1683 712 1748 fermam'
704 1703 767 1748 ram
790 1683 916 1766 pridem
938 1684 1099 1750 exstitisse
1115 1684 1263 1767 suspirari

140 1779 267 1855 lieet⁸⁰).
318 1780 449 1847 Graecis
484 1787 697 1846 transmutata
733 1780 836 1845 ferma
872 1781 942 1846 sela
978 1781 1118 1864 probata
1153 1790 1197 1848 est
1225 1782 1266 1845 in

139 1875 301 1958 flagrandi
322 1878 493 1942 verbet
451 1882 493 1942 πί
492 1903 534 1959 ι
492 1903 604 1965 aeq
607 1904 678 1960 -,μι
706 1876 794 1964 πρή-
779 1883 862 1943 -.9ω
907 1878 1063 1944 Primaria
1084 1878 1178 1943 radix
1195 1899 1281 1963 pur,

141 1993 223 2055 quae
245 1973 381 2040 fortasse
407 1976 555 2058 primitus
584 1976 699 2041 eadem
727 1974 786 2039 fuit
740 1981 852 2040 ultae
871 1998 990 2060 ραι-
948 1977 1062 2055 —pel
1089 1978 1202 2060 plere
1220 1981 1296 2051 (r.-

142 2070 283 2137 Curtium
307 2072 354 2139 ‘St
347 2073 461 2235 tudien’
485 2074 540 2155 IV,
566 2076 640 2150 229)
630 2073 831 2191 t,eenspieit
832 2095 870 2137 ur
891 2075 924 2138 in
946 2076 1072 2139 sloven.
1085 2075 1158 2158 put·
1160 2077 1196 2136 ιη’
1207 2080 1296 2138 eet..

142 2172 183 2244 (v
210 2169 345 2236 Curti}
318 2172 422 2254 usp.
447 2175 532 2244 266).

226 2268 296 2332 Iam
325 2288 404 2333 vere
433 2266 672 2335 enumerandae
700 2273 774 2331 sunt
806 2287 864 2332 eae
896 2267 1039 2349 radices,
1074 2287 1204 2348 quarum
1231 2274 1296 2331 e!

141 2364 320 2448 primitivas
347 2366 466 2430 formas
493 2372 524 2431 et
552 2371 781 2430 transmutatas
809 2366 843 2429 in
876 2366 999 2448 graecis
1028 2366 1193 2432 vocabulis
1211 2365 1296 2430 ad*

141 2461 260 2526 hibitas
292 2461 448 2527 videmus.
499 2463 673 2528 Praemitte
706 2467 829 2526 tantum
861 2461 987 2527 Latinis
1019 2463 1166 2545 proprias
1198 2473 1296 2529 ess&

141 2556 266 2623 radiues
281 2578 355 2641 aper
368 2595 412 2603 —
426 2581 500 2644 spre
515 2565 662 2643 (aper-uo,
686 2569 831 2643 apra-tus)
855 2566 886 2625 et
902 2580 956 2622 cer
969 2594 1014 2603 —
1028 2581 1083 2622 ere
1099 2565 1212 2638 (cer-no
1222 2586 1296 2605 -2

142 2659 281 2736 ere-tus),
306 2675 387 2738 quae
403 2663 509 2723 autem
526 2658 670 2740 elingua
686 2659 917 2723 sanseritahue
939 2657 1113 2741 pertinent,
1137 2660 1296 2724 collent-

143 2771 214 2818 esse
236 2773 256 2816 a
278 2751 484 2820 Schleiehere
508 2756 675 2838 ‘Beitrtge'
698 2755 731 2818 Π
754 2776 785 2837 p.
808 2759 847 2820 93
870 2775 938 2837 sqq.

231 2854 258 2912 1.
281 2872 353 2932 yar,
377 2874 434 2933 you
458 2887 498 2896 -—
521 2858 605 2935 (για)
635 2875 711 2937 yuq:
734 2856 857 2933 γέν-ος,
881 2847 1087 2938 ε’-γεν-όμην,
1105 2858 1279 2938 γε’-γον·α,

142 2950 373 3030 pestrepent,
403 2945 624 3036 ἒ-γεν-ήθην,
654 2950 893 3032 ydriam-opat,
916 2947 955 3013 uf.
978 2969 1038 3014 sur.
1057 2947 1189 3033 pan-us,
1209 2949 1275 3012 lat,

140 3063 259 3125 pen-qa,
283 3050 347 3126 gut.
370 3043 499 3107 tan-da
521 3053 580 3110 eet.
604 3044 689 3110 Curt.
714 3066 745 3128 p.
771 3048 830 3110 166
852 3079 895 3088 -
916 3044 1064 3131 γνη-τός,
1087 3046 1260 3134 γνή-σιο-ς,

142 3141 181 3207 ef.
196 3142 253 3205 lat.
268 3151 407 3224 pua-tua,
432 3148 598 3225 (praesepe,
622 3144 762 3226 (pittatio,
785 3148 849 3224 get.
865 3140 971 3206 handu
1009 3145 1261 3210 Transmutatam

141 3238 283 3303 radicem
318 3239 502 3321 priusquam
534 3260 652 3322 graeca
683 3239 796 3322 lingua
828 3239 972 3304 seiuncta
1006 3249 1164 3324 exstaret,
1200 3241 1251 3304 ian

143 3344 245 3401 urtam
267 3336 367 3402 fuisse
388 3336 495 3418 getica
516 3338 575 3402 illa
599 3346 630 3404 et
651 3338 760 3403 latinis
782 3335 890 3401 formis
914 3336 1074 3403 doeemur.

213 3555 246 3619 ⁷⁹)
264 3553 305 3606 De
330 3553 424 3607 formis
449 3554 539 3608 latinis
567 3569 636 3622 quae
661 3555 715 3608 h'uc
741 3554 891 3623 pertinent,
919 3553 953 3607 ef.
979 3552 1142 3610 Corssenum
1165 3555 1185 3620 I,
1206 3553 1248 3604 308.

143 3634 177 3700 Π,
199 3638 264 3687 1010
283 3633 325 3696 (de
341 3634 434 3704 plejos
452 3640 513 3695 cet.)
532 3636 565 3688 al.
584 3635 613 3688 11.

166 3742 168 3746 .
213 3714 246 3778 90)
263 3713 307 3766 Ex
323 3713 515 3782 antiquissimis
534 3715 699 3783 temporibus
718 3715 818 3768 tradita
826 3715 932 3767 videtur
942 3728 965 3769 e.
974 3731 998 3782 g.
1009 3716 1165 3783 superlativi
1173 3715 1247 3772 form,

144 3793 215 3848 unde
233 3811 271 3863 gr.
291 3796 429 3852 πλεῖστος,
458 3795 532 3849 zend.
550 3795 679 3865 fruteta,
705 3794 801 3848 island.
820 3794 907 3863 flent-r
933 3800 1085 3860 manarunt,
1104 3812 1128 3848 r.
1147 3792 1248 3849 Ficum

145 3891 171 3942 p.
192 3879 248 3928 129.
285 3875 325 3929 De
352 3875 534 3942 comparative
562 3875 676 3934 πλείων,
704 3876 752 3930 lat.
774 3874 887 3946 pleuros
913 3892 936 3927 v.
962 3876 1044 3930 etiarn
1068 3875 1192 3931 Cersseni
1206 3869 1247 3925 ur.

145 3953 267 4008 Nachtr!
285 3973 311 4024 p.
331 3958 387 4008 296.
