2828 4776
256 387 318 448 366
727 386 921 456 Challriopulos

155 632 158 635 ,
340 584 357 623 s
385 562 615 647 transpositum
644 579 715 626 esse
744 560 871 626 videtur
897 560 932 624 in
960 558 1061 642 cmtyo
1090 579 1148 642 pro
1171 562 1291 642 ptcyo,
1316 562 1355 640 pi-

255 683 363 744 yvvm·
383 757 412 832 c)
456 756 623 838 Liquidae,
646 756 792 837 nasalcs,
821 754 987 821 fricativae
1014 755 1100 820 inter
1128 773 1164 820 se
1185 754 1272 820 locos
1297 773 1360 819 oon·
1404 752 1406 843 J

256 859 420 1016 Wlfflin&
449 975 485 1035 p:
531 951 616 1014 torci
642 970 700 1034 pro
731 945 925 1034 ὡρολόγιον.
971 955 1044 1034 pet
1068 947 1103 1012 δε
1151 947 1303 1012 δονάΙείηα
1321 969 1365 1033 pro
1401 936 1406 961 '

257 1043 429 1134 ροδοῖκινα.
474 1072 492 1132 ρ
516 1055 548 1113 ct
571 1071 602 1112 v:
625 1054 757 1131 yronlzc
778 1067 837 1130 pro
860 1045 1021 1131 γνωρίζω,
1043 1045 1205 1110 abacistis
1218 1067 1277 1129 pro
1293 1043 1365 1132 εἰρη-

255 1144 402 1231 νοδίκης.
447 1153 526 1226 pet
546 1151 569 1225 β
591 1151 649 1223 tol:
690 1145 796 1207 uoltmi
815 1165 874 1227 pro
896 1141 1057 1226 μολύβιον
1081 1141 1267 1227 (μόλυβος).
1311 1149 1368 1210 cet

256 1265 299 1342 φξ
322 1241 450 1324 bifolrid
472 1249 504 1308 et
526 1241 674 1321 clifoslorit
696 1264 754 1326 pro
778 1241 1011 1328 ἐλελίσφακον.
1057 1263 1078 1306 c
1101 1248 1133 1307 et
1155 1243 1190 1306 λε
1218 1242 1368 1326 mesrisolcr

254 1360 312 1424 pro
335 1337 538 1425 poculoque.
582 1362 602 1423 y
625 1347 656 1407 et
679 1339 715 1404 δι
738 1339 887 1423 mibyclr'ri
909 1360 967 1422 pro
990 1335 1196 1422 ἀμυγδαλέα.

628 1813 769 1879 CAPUT
792 1813 1010 1880 ALTERUM.

536 1980 619 2048 DE
662 1979 1104 2049 voCALIBUS.

300 2207 301 2210 Ἴ
340 2135 408 2200 Hoc
430 2135 536 2219 capite
557 2134 689 2202 minime
710 2136 789 2201 mibi
811 2137 845 2201 in
867 2136 974 2201 animo
999 2142 1062 2214 est,
1094 2136 1267 2202 historiam
1294 2157 1370 2202 voca-

255 2232 340 2299 lismi
367 2233 500 2315 linguae
529 2251 665 2314 graecae
697 2233 883 2299 recentioris
915 2234 1069 2314 scribere,
1100 2234 1223 2319 quippe
1247 2255 1327 2318 quac
1344 2236 1369 2299 iu

255 2330 440 2395 universum
474 2329 637 2413 plerisque
673 2337 751 2395 nota
783 2332 824 2397 sit
861 2331 918 2404 (cl.
947 2331 1096 2414 Deffner,
1127 2332 1221 2397 stud.
1260 2334 1322 2417 IV,
1345 2353 1368 2416 p.

242 2432 294 2516 Ι35
318 2440 410 2511 sqql.

340 2527 390 2590 Ea
417 2525 488 2590 sola
516 2524 567 2589 bic
603 2525 893 2609 considerabimus,
930 2545 1014 2608 quae
1043 2545 1128 2592 nova
1162 2533 1195 2594 et
1224 2528 1369 2612 adleget

254 2622 483 2706 grammaticae
512 2629 544 2687 et
567 2624 781 2706 etymologiae
802 2643 938 2706 graecae
965 2623 1176 2690 illustrandas
1205 2634 1287 2710 apta
1313 2643 1369 2693 esst

253 2719 413 2784 videntur.
450 2720 636 2801 Singularia
657 2727 764 2786 autem
779 2722 846 2801 illa,
870 2722 1001 2804 quaein
1016 2721 1191 2788 vocalismo
1206 2725 1369 2790 recentiore

253 2816 476 2899 inveniuntur,
500 2835 541 2881 ex
570 2817 698 2899 duplice
726 2818 850 2884 ratione
878 2817 1053 2883 iudicanda
1079 2825 1170 2901 sunt,
1204 2827 1242 2884 ut
1275 2820 1369 2886 distin·

253 2920 392 2997 guantur
416 2917 444 2991 1)
466 2915 596 2979 vocales
618 2933 692 2996 eae,
724 2933 807 2997 quae
833 2923 977 2982 vetemm
1000 2935 1166 2998 sonorum,
1196 2917 1270 2984 sive
1295 2935 1369 3001 grac

253 3031 371 3093 corum,
395 3011 464 3078 sive
486 3010 583 3077 etiam
605 3011 835 3095 antiquiorum,
859 3013 893 3078 id
916 3019 965 3079 est
985 3013 1310 3094 graeco-italicorum
1328 3012 1368 3079 rel

179 3179 181 3184 ,
252 3108 601 3192 indogcrmanicorum,
639 3109 795 3191 reliquiae
818 3129 899 3176 ⁴esso
927 3108 1093 3190 videntur,
1132 3113 1173 3186 2)
1205 3131 1266 3179 eae
1301 3129 1368 3196 quac

252 3206 482 3290 posterioribus
498 3204 627 3271 demum
642 3207 838 3290 temporibus
861 3226 902 3272 ex
917 3206 1078 3274 veteribus
1092 3206 1183 3274 sonis
1206 3217 1297 3276 certa
1309 3211 1367 3290 lego

252 3304 428 3369 immutatis
448 3308 545 3369 natae
567 3310 650 3370 sunt.

779 3459 850 3534 58.

542 3609 667 3671 Veteres
688 3610 811 3671 uocales
833 3629 912 3692 quac
932 3611 1098 3692 supersint.

336 3759 402 3824 Eas
430 3758 558 3827 vocales
586 3760 717 3842 linguae
749 3759 943 3842 recentioris,
981 3779 1064 3843 quae
1099 3762 1155 3828 vel
1192 3783 1214 3829 a
1245 3764 1367 3830 dialecto

253 3857 352 3922 attica
379 3855 432 3920 vel
460 3878 481 3922 a
507 3857 620 3940 lingua
650 3864 787 3923 exeunte
816 3857 1007 3940 antiquitate
1035 3861 1233 3943 pervulgata
1260 3855 1366 3942 (κοινή)

125 4018 127 4022 ,
253 3954 457 4034 abhorreant,
485 3973 546 4021 nee
574 3962 683 4020 tamen
711 3955 753 4020 ab
781 3955 832 4020 his
860 3955 1064 4038 exlegibus,
1094 3976 1181 4038 quae
1203 3958 1247 4025 de
1268 3967 1368 4024 namn
