2828 4776
662 335 766 420 Erman

284 679 302 750 5
328 677 376 738 12.
421 674 479 741 DE
501 674 730 745 OONOURSU
751 674 974 743 VOOALIUM
998 700 1013 741 a
1036 677 1094 741 ET
1117 699 1147 740 0.
1170 778 1176 785 .

234 850 261 909 1.
307 844 381 911 Una
401 851 526 910 tantum
542 845 644 911 forma
658 845 890 912 adiectivorum
905 853 1143 912 contractorum
1158 845 1192 909 in
1207 866 1269 924 εις,

146 961 230 1024 quae
252 942 314 1007 huc
335 949 470 1026 spectat,
492 943 526 1007 in
548 944 649 1010 titulis
672 944 816 1026 occurat,
837 941 980 1026 χρύσεον
1002 942 1272 1010 innocentissima

145 1037 261 1105 Olbiae
282 1039 490 1124 inscriptione
513 1044 587 1120 (39).

232 1140 261 1202 2.
305 1139 388 1203 Tum
417 1158 589 1206 concursus
616 1140 673 1205 ille
699 1140 804 1205 locum
832 1140 931 1207 habet
961 1142 994 1206 in
1017 1139 1185 1204 nonnullis
1208 1158 1276 1204 ver·

144 1235 257 1300 borum
279 1255 431 1318 purorum
452 1236 487 1302 in
509 1242 554 1302 έω
583 1236 703 1319 formis,
734 1257 817 1320 quae
845 1256 957 1304 omnes
979 1238 1013 1303 in
1034 1237 1155 1302 nostris
1177 1235 1276 1301 Hero

99 1368 104 1377 ·
145 1332 212 1398 doti
235 1332 431 1400 editionibus
460 1335 584 1400 solutae
612 1335 771 1417 leguntur.
816 1334 910 1403 Solus
931 1333 1049 1400 Abioht
1072 1333 1278 1411 (Uebersioht

144 1430 203 1497 des
225 1431 499 1498 Herodoteisohen
521 1431 686 1514 Dialekts‚
713 1454 745 1516 p.
769 1437 822 1512 37)
851 1433 884 1498 in
916 1433 956 1499 iis
984 1432 1127 1515 quinque
1157 1432 1276 1515 vorbis,

145 1548 229 1611 quae
243 1531 388 1596 vocalem
403 1537 480 1597 ante
494 1530 729 1596 thematicumo
745 1530 876 1612 habent,
889 1529 1142 1596 contractionem
1154 1529 1277 1594 vocalis

146 1653 162 1696 ε
186 1650 257 1696 oum
276 1629 421 1713 sequenti
444 1635 511 1693 oet
526 1651 564 1692 oo
581 1627 730 1693 admittit.
774 1629 935 1712 Exempla
955 1627 1085 1693 illarum
1098 1627 1276 1692 formarum

144 1728 180 1793 in
202 1728 303 1793 titulis
324 1728 426 1793 habes
448 1727 544 1791 haec:

189 1830 422 1906 τιμοοχέοντες
438 1827 501 1903 (13,
514 1825 578 1904 29),
594 1821 770 1900 τελέοντας
784 1827 859 1905 (26),
875 1820 1041 1905 ἓθεόρεον
1055 1820 1121 1904 (23,
1136 1825 1166 1886 6.
1180 1824 1210 1884 7.
1224 1824 1276 1902 8.),

189 1918 411 2004 ἀδικούμενον
439 1923 516 1999 (27).

232 2021 368 2085 Formae
396 2020 493 2102 igitur
520 2018 555 2083 in
584 2018 770 2097 universum
801 2023 820 2085 6
842 2025 991 2086 servatae
1016 2006 1110 2096 sunt,
1141 2035 1278 2097 quarum

145 2137 210 2182 una
233 2125 357 2182 tantum
378 2124 454 2183 ante
478 2137 598 2182 annum
614 2122 676 2182 400
691 2138 720 2183 a.
737 2116 811 2183 Chr.
834 2118 953 2201 sonipta
974 2122 1032 2182 est.
1066 2113 1277 2180 Contractum

145 2211 368 2297 ἀδικούμενον
396 2215 484 2280 haud
508 2214 604 2280 dubie
626 2215 757 2280 atticum
780 2222 839 2281 est.
883 2214 1040 2296 Reliquae
1062 2213 1186 2278 formae
1209 2212 1277 2276 vul-

145 2321 253 2395 gatam
277 2313 405 2394 quidem
429 2312 614 2397 opinionem
637 2313 838 2396 confirmant,
861 2313 1013 2378 iudicium
1030 2319 1140 2376 autem
1171 2310 1216 2375 de
1238 2329 1276 2376 ea

145 2429 242 2492 quam
257 2410 375 2476 Abioht
397 2412 508 2477 statuit
522 2411 714 2492 exceptione
735 2432 801 2478 non
826 2410 1009 2490 admittunt,
1033 2428 1104 2474 oum
1126 2409 1162 2473 in
1183 2409 1277 2472 mulla

144 2507 268 2574 vocalis
289 2508 461 2574 thematico
485 2533 501 2574 ε
524 2512 705 2578 antecedat.

56 2603 62 2613 ’
232 2608 261 2669 3.
306 2607 454 2689 Denique
475 2627 663 2674 concursum
684 2609 776 2673 illum
798 2608 900 2673 habes
920 2606 956 2671 in
978 2604 1138 2687 genetiuis
1159 2603 1195 2669 in
1220 2626 1275 2678 εος

146 2701 267 2778 (κλέος)
290 2705 490 2787 exeuntibus,
514 2725 647 2788 quorum
669 2706 830 2789 permulta
851 2705 885 2769 in
906 2703 1008 2770 titulis
1031 2708 1203 2767 occurrunt
1225 2720 1278 2766 ex·

145 2800 272 2882 empia:

144 2927 418 3015 τοῦρμοκροίιοος
441 2931 506 3018 (20,
530 2939 560 3011 2)
1005 2951 1088 2998 saec.
1112 2933 1160 2998 VI
1183 2942 1215 3000 et
1238 2931 1274 2996 V.

139 3051 321 3141 Ἡρακλέος
345 3063 409 3139 (22)
1111 3080 1198 3126 saec.
1222 3060 1274 3125 IV.

144 3154 362 3243 Κλεομήόεος
389 3162 451 3240 (23,
478 3163 507 3238 1)
768 3178 769 3182 ’

144 3252 357 3338 Ζεφυρίδεος

99 3372 100 3375 ’
142 3345 360 3433 Ἐπικράτεος
417 3360 480 3439 (23,
504 3362 536 3435 4)

144 3442 340 3533 Εὕηφένεος

136 3539 351 3628 Άγοιοικλέος
376 3552 438 3632 (23,
463 3553 493 3626 8)

141 3635 325 3725 Ὑψοκλέος
377 3653 469 3810 ,(23
508 3698 558 3771 13)

144 3738 370 3819 Πολοάλθεος
472 3742 480 3776 ²

145 3834 341 3917 Εὐπείθεος
378 3840 390 3934 ζ

144 3934 385 4018 Πατροκλέος(
418 3891 483 3964 (31)
