2828 4776
451 365 493 419 De
510 365 649 421 titulorum
665 365 815 422 ionicorum
833 366 956 424 dialecto.
1204 364 1264 426 255

228 535 361 601 illarum
370 543 484 602 autem
499 544 645 618 quattuor
659 537 850 604 varietatum
873 540 998 604 nullum
1020 545 1139 606 certum
1162 547 1267 607 exstat

139 633 315 715 vestigium
344 634 377 698 in
406 634 508 700 titulis
540 634 672 718 nostris,
706 655 744 700 ac
776 655 818 702 ne
849 635 883 701 in
914 637 1108 719 reliquarum
1137 638 1266 720 quidem

139 731 267 796 urbium
291 730 446 812 dialectis,
471 740 627 815 qnatenus
643 751 684 798 ex
705 733 804 798 titulis
819 734 969 816 cognosci
990 734 1074 817 licet,
1097 735 1165 801 ulla
1180 742 1268 802 certa

140 829 308 893 observari
336 835 442 913 potest
472 828 697 912 discrepantia.
747 830 824 895 Sola
841 831 1047 921 *excipienda
1075 839 1124 899 est
1155 834 1267 917 lingna

141 924 404 993 Chalcidensium
425 926 458 992 in
481 927 615 993 Euboea
644 931 675 992 11
697 926 731 991 in
753 928 872 1010 Magna
895 929 1032 996 Graecia
1052 930 1266 996 habitantium

139 1023 222 1090 satis
244 1024 353 1090 multis
374 1025 487 1106 rebus,
510 1030 544 1088 ut
566 1023 707 1104 videtur,
732 1044 753 1089 a
776 1026 969 1108 reliquorum
992 1028 1105 1093 Ionum
1128 1027 1266 1095 dialecto

140 1121 282 1187 diversa.
332 1123 484 1187 Attamen
513 1121 540 1187 si
569 1121 663 1185 modo
692 1122 801 1204 plures
837 1130 1000 1190 exstarent
1031 1124 1266 1208 inscriptiones,

139 1219 276 1285 forsitan
305 1219 383 1284 alibi
411 1219 549 1285 maiores
576 1225 770 1303 apparerent
800 1220 1036 1305 discrepantiae
1065 1241 1159 1303 qnam
1182 1242 1267 1289 nunc

139 1337 321 1400 opinamur.

228 1414 318 1494 Quae
339 1414 373 1479 in
388 1413 488 1477 titulis
503 1413 709 1478 inveniuntur
724 1413 927 1482 differentiae
942 1435 1053 1481 omnes
1069 1414 1136 1481 iere
1152 1416 1267 1482 aetatis
1384 1465 1399 1514 '.

140 1512 331 1578 diversitate
353 1510 570 1594 explicantur,
600 1530 734 1592 quarum
756 1511 861 1576 denuo
884 1512 1004 1596 duplex
1027 1512 1199 1595 diligenter
1222 1513 1267 1578 di·

139 1607 369 1693 stinguendum
385 1614 433 1674 est
447 1628 559 1690 genus.
596 1609 681 1673 Raro
704 1614 828 1673 tantum
851 1610 897 1696 in·
907 1609 1007 1676 titulis
1023 1609 1167 1676 diversos
1184 1610 1266 1676 eius-

140 1708 216 1773 dem
249 1704 448 1771 iormationis
481 1704 752 1788 deprehendimus
781 1705 915 1788 gradus,
949 1727 1080 1789 quorum
1112 1709 1194 1773 alter
1227 1728 1267 1774 ex

140 1805 244 1871 altero
268 1810 361 1868 natus
384 1809 442 1869 est.
484 1801 581 1868 Cuius
602 1803 729 1885 generis
752 1810 827 1868 sunt
848 1805 990 1886 genetivi
1012 1803 1175 1870 nominum
1197 1827 1268 1890 pro·

140 1903 283 1987 priorum
316 1921 386 1966 oum
420 1900 516 1976 κλέος
549 1901 810 1992 compositorum,
842 1908 918 1968 ante
940 1901 1080 1967 medium
1104 1903 1267 1969 saeculum

140 2007 289 2083 quartum
311 1999 345 2063 in
366 1996 462 2073 κλέος
484 1998 654 2077 terminati,
679 2017 761 2079 quae
782 1997 963 2064 terminatio
984 2005 1105 2081 postea,
1130 2006 1164 2064 ut
1185 2000 1268 2065 inira

138 2097 333 2173 videbimus,
356 2095 389 2159 in
413 2094 511 2170 κλεῦς
533 2095 788 2160 contrahebatur.

226 2193 327 2259 Multo
362 2192 560 2275 frequentius
595 2198 643 2258 est
671 2193 807 2258 alterum
837 2192 1124 2275 discrepantiarum
1156 2213 1267 2276 genus.

139 2294 188 2357 Eo
205 2290 292 2356 enim
308 2290 496 2403 continetur,
513 2289 599 2372 quod
613 2289 691 2356 inde
705 2296 849 2371 aquarto
865 2310 894 2356 a.
908 2289 983 2355 Chr.
999 2290 1128 2356 saeculo
1146 2291 1267 2358 formae

139 2389 260 2456 atticae
283 2386 385 2470 magis
407 2389 573 2470 magisque
595 2389 785 2454 vernaculas
806 2387 1056 2470 submonebant
1028 2387 1126 2453 1ta
1147 2394 1182 2452 u
1203 2389 1267 2454 iam

138 2485 288 2570 proximo
310 2485 467 2551 saeculo
459 2491 591 2550 rnennte
618 2505 722 2568 pauca
742 2491 812 2550 ttan
813 2504 867 2549 um
888 2485 968 2550 intr
944 2484 1045 2552 titulis
1067 2492 1269 2608 remanerent

139 2586 266 2649 ionicae
288 2581 417 2649 dialecti
393 2587 510 2648 11111
510 2583 584 2664 igia.
1167 2627 1169 2630 ψ

226 2679 297 2759 Quo
326 2699 405 2746 sane
435 2678 640 2745 difficillimus
668 2679 703 2744 11
690 2685 806 2745 tusus
835 2678 999 2744 titulorum
1027 2681 1185 2761 omnium,
1216 2679 1269 2762 qui

139 2780 253 2861 quinto
220 2778 410 2843 tosaeculo
441 2776 633 2842 recentiores
665 2782 749 2842 sunt.
726 2777 904 2842 tNemo
934 2777 1019 2842 enim
1049 2779 1197 2843 demonst
1184 2783 1268 2843 trare

139 2882 258 2959 potest,
280 2874 409 2956 formas,
439 2894 519 2955 quas
541 2873 723 2955 exhibeant
701 2880 823 2940 tvere
843 2873 966 2939 ionicas
988 2893 1068 2956 esse,
1095 2874 1270 2940 111111111-

139 2981 216 3039 runt
238 2972 280 3037 ab
303 2971 358 3054 iis,
387 2990 469 3053 quae
492 2971 686 3055 respondent
714 2971 824 3038 formis
845 2971 960 3037 atticis.
1006 2971 1096 3050 Quae
1118 2972 1214 3055 igitur
1235 2972 1269 3037 in

139 3070 245 3137 titulis
266 3069 331 3135 illis
353 3068 582 3135 recentioribus
603 3068 766 3133 invenitur
789 3068 891 3132 forma
912 3068 953 3133 ab
975 3070 1088 3150 attica,
1118 3089 1200 3151 quae
1222 3087 1271 3134 re·

140 3168 296 3253 spondet,
326 3186 392 3230 non
416 3165 557 3246 diversa,
589 3166 648 3231 etsi
677 3171 708 3230 et
736 3165 808 3247 ipsa
828 3184 906 3230 vere
926 3165 1032 3231 ionica
1054 3184 1125 3231 esse
1153 3173 1268 3248 potest,

140 3283 273 3351 prorsus
288 3284 309 3329 a
323 3263 418 3329 nobis
433 3261 717 3347 praetermittenda
740 3268 798 3344 est,
821 3280 863 3326 ne
884 3261 965 3326 forte
979 3262 1130 3344 vulgares
1151 3263 1269 3328 formas

141 3363 257 3430 atticas
279 3380 336 3445 pro
358 3360 481 3443 ionicis,
505 3380 583 3442 quas
605 3359 796 3440 quaerimus,
819 3357 1023 3440 accipiamus.

228 3460 315 3526 Ante
337 3457 444 3523 omnia
471 3477 556 3523 nunc
577 3475 709 3523 necesso
731 3461 797 3536 111,
824 3455 934 3520 titulos
955 3455 1092 3536 ionicos,
1117 3460 1270 3537 quotquot

143 3565 232 3641 sunt,
256 3558 291 3621 in
313 3573 411 3619 unum
434 3561 638 3638 conspectum
659 3572 830 3638 ponamus,
853 3551 978 3618 ratione
999 3552 1111 3618 habita
1132 3551 1290 3617 cuiusvis

143 3657 270 3740 patriae
292 3660 323 3719 et
345 3650 470 3718 aetads.

230 3751 310 3818 Oum
339 3749 487 3815 omnibns
514 3747 614 3814 titulis
642 3747 767 3832 pascis
794 3752 870 3812 ante
898 3744 992 3813 linem
1021 3746 1123 3828 quinti
1149 3745 1270 3812 saeculi

145 3851 271 3934 scriptis
293 3866 369 3916 usus
392 3846 433 3913 sit
454 3845 591 3912 Adolius
613 3844 783 3911 Kirchhoff
801 3843 835 3908 in
863 3844 1136 3927 praestantissimo
1158 3842 1269 3909 libello

147 3945 304 4031 „Studien
326 3965 380 4011 zur
395 3942 587 4011 Geschiehte
609 3939 1119 4026 111111111111111111111111(
1140 3940 1271 4020 (Zweite
