2828 4776
215 362 276 425 neo
726 326 852 419 mma

300 536 379 604 Utut
406 535 466 602 hoo
494 556 529 604 se
557 537 669 619 habet,
707 537 741 601 in
769 537 869 604 titulis
898 540 990 606 nulla
1024 537 1212 604 huiusmodi
1245 537 1342 604 forma

198 637 320 727 ¹soluta
349 642 499 718 apparet,
531 654 642 702 omnes
675 654 757 718 quae
779 643 947 702 oeeurrunt
968 635 1223 704 eontraotionem
1256 655 1343 720 prae

213 739 300 805 bent.

300 832 330 899 2:
353 833 592 899 Consurrebant
612 830 741 897 vocales
763 855 779 896 e
803 838 869 917 ets)
891 831 927 896 in
947 831 1157 898 nominativis
1178 833 1344 897 nominum

214 933 423 1016 propriorum,
439 950 579 1014 quorum.
589 929 691 995 altera
706 948 781 1013 pars
796 948 817 993 a
831 929 927 1005 κλέος
943 927 1090 995 derivata
1102 935 1160 996 est.
1185 930 1345 1013 Exempla

215 1050 324 1096 eorum
346 1032 379 1095 in
402 1028 504 1094 titulis
525 1027 661 1110 legimus
683 1026 778 1092 haee:

458 1121 623 1210 Ἡρακλῆς
646 1124 688 1206 (3.
711 1123 745 1189 (λ.
769 1124 794 1188 Ι.
818 1123 857 1190 (i.
882 1127 977 1199 7582)

458 1218 656 1307 “[Ηρακ]λῆς
680 1225 721 1297 (3.
746 1221 779 1286 C.
803 1222 829 1286 I.
853 1222 892 1288 G.
917 1225 1011 1291 7611)

464 1320 660 1405 Τερψικλῆς
682 1323 737 1401 (8),
760 1319 936 1406 Πασικλῆς
959 1322 1001 1401 (9,
1024 1323 1066 1395 3).

300 1419 400 1484 Tituli
416 1418 534 1484 Milesii
549 1421 590 1496 (8.
608 1418 639 1498 9)
662 1424 752 1484 sexto
774 1437 804 1482 a.
822 1416 897 1482 Chr.
920 1417 1049 1484 saeoulo
1072 1417 1195 1501 scripti,
1222 1417 1349 1484 Chalei-

215 1504 331 1584 denses
354 1521 397 1592 (3)
420 1517 475 1581 vix
497 1515 689 1582 recentiores
712 1521 795 1581 sunt.
968 1598 977 1602 ἱ

299 1616 338 1680 In
366 1614 467 1680 titulis
491 1614 641 1679 Euboieis
669 1614 801 1679 ineunte
829 1613 957 1680 saeoulo
980 1613 1091 1694 quinto
1114 1613 1245 1696 seriptis
1268 1616 1349 1682 haeo

215 1719 382 1778 oceurrunt
404 1713 571 1795 exempla:

296 1806 462 1895 Ἐρικλέῆς
486 1814 527 1886 (4,
552 1810 615 1889 50),
636 1807 812 1895 Θεοκλέῆς
835 1814 877 1890 (4,
900 1811 963 1891 61),
988 1808 1176 1892 Νικοκλέης
1201 1813 1349 1892 (4,137),

213 1905 412 1994 Μνησικλῆς
435 1912 477 1984 (4,
501 1910 584 1983 254).

300 2005 497 2087 Frequentes
520 2011 593 2070 sunt
615 2004 807 2069 nominativi
828 2005 878 2070 illi
899 2005 933 2070 in
955 2005 1055 2070 titulis
1078 2005 1211 2071 Thasiis
1233 2013 1349 2088 quarto

213 2104 342 2171 saeoulo
364 2103 506 2186 seriptis:

298 2200 482 2283 Λεικοκλῆς
498 2202 561 2282 (23,
574 2202 617 2278 4),
628 2196 848 2286 Ἀριστοκλῆς
860 2204 923 2282 (23,
939 2203 1000 2281 13),
1014 2195 1214 2285 Ἐρατοκλῆς
1227 2205 1295 2283 (23,
1308 2205 1348 2280 9),

210 2297 412 2385 Ἀγασικλῆς
441 2300 510 2377 (23,
535 2301 583 2378 6),
616 2293 763 2385 Ἰφικλῆς
792 2303 862 2380 (23,
892 2302 939 2380 8),
970 2296 1162 2384 Κτησικλῆς
1187 2303 1259 2380 (23,
1287 2306 1347 2378 10),

217 2396 427 2482 Θρασυκλῆς,
451 2396 659 2482 (Τ]ιμοκλῆς,
671 2393 892 2483 Ἀριστοκλῆς
914 2399 977 2477 (23,
1004 2401 1065 2470 14).

299 2494 469 2560 Recentior
496 2493 606 2560 titulus
628 2495 768 2561 Thasius
796 2498 877 2577 (24),
907 2495 1011 2578 qualis
1040 2494 1205 2560 restitutus
1235 2497 1347 2562 estin

215 2589 250 2656 0.
273 2593 297 2657 l.
321 2591 370 2673 G„
394 2591 528 2656 formam
555 2593 689 2675 praebet
713 2591 934 2677 Τιμοκλέ(ης).

300 2689 363 2753 Diu
392 2689 488 2771 igitur
517 2696 593 2755 ante
622 2691 819 2757 Herodotum
846 2690 880 2755 in
914 2690 1039 2756 duabus
1067 2690 1182 2756 Ionum
1213 2691 1346 2756 sedibus

213 2788 297 2854 inter
320 2807 355 2853 se
376 2807 471 2869 quam
492 2787 633 2854 maxime
649 2789 851 2870 distantibus,
875 2789 976 2855 Mileti
997 2795 1028 2855 et
1048 2788 1084 2853 in
1098 2788 1236 2854 eoloniis
1251 2788 1345 2855 Chal·

214 2884 414 2965 eidensibus‚
444 2891 640 2951 eontraotam
668 2888 845 2971 reperimus
872 2887 1017 2952 formam.
1066 2888 1218 2971 Rennero
1248 2888 1343 2968 enim,

215 2980 269 3064 qui
290 2981 409 3049 formas
434 2983 598 3049 titulorum
621 2986 817 3052 Milesiorum
845 2986 879 3050 in
902 2984 983 3071 κλης
1006 2992 1161 3052 exeuntes
1181 3007 1251 3053 non
1273 3005 1344 3051 oon·

214 3082 370 3146 traotione
397 3081 455 3147 sed
485 3080 620 3148 elisione
648 3083 814 3149 litteraes
844 3090 938 3148 natas
961 3102 1031 3150 esse
1059 3102 1250 3167 persuasum
1284 3081 1343 3150 sibi

214 3178 323 3259 habet,
357 3199 422 3244 non
443 3179 611 3260 assentior,
634 3199 705 3244 oum
727 3180 851 3244 nullam
873 3179 1002 3248 videam
1025 3180 1119 3246 huius
1141 3181 1342 3248 coniecturae

214 3276 380 3342 rationem.
410 3275 504 3355 Quod
522 3278 607 3342 enim
630 3278 816 3359 „titulorum
837 3285 945 3345 aetate
968 3279 1008 3345 de
1023 3279 1245 3346 eontraotione
1266 3300 1342 3344 non·

216 3372 290 3437 dum
306 3373 437 3457 eogitari
450 3374 577 3457 lioeat“‚
594 3395 659 3440 non
675 3376 870 3442 contendere
885 3376 944 3442 sed
959 3376 1181 3443 demonstrare
1193 3377 1341 3445 debebat

215 3470 265 3536 Ne
280 3468 463 3554 analogiam
480 3472 607 3554 quidem
630 3472 771 3556 genetivi
793 3473 898 3539 ionioe
919 3474 953 3538 in
976 3474 1073 3550 κλέος
1095 3494 1154 3557 pro
1172 3475 1342 3559 principali

214 3569 330 3644 κλέεος
359 3570 521 3635 terminati
555 3570 670 3636 afferre
698 3571 789 3647 lieet,
819 3591 889 3636 eum
918 3572 953 3635 in
980 3571 1037 3637 illo
1063 3571 1155 3637 elisio
1188 3591 1341 3639 eononrsu

214 3667 308 3730 trium
330 3667 489 3733 vocalium
512 3667 699 3751 explioetur,
723 3669 831 3750 quiin
853 3669 1051 3734 nominativo
1073 3669 1207 3736 minime
1230 3677 1341 3736 exstat.

216 3761 295 3828 (lum
317 3764 414 3847 igitur
435 3784 500 3830 non
522 3765 719 3847 intellegam,
742 3785 798 3831 our
812 3758 907 3832 aliter
928 3766 988 3832 has
1009 3766 1128 3832 formas
1151 3774 1248 3834 natas
1273 3786 1341 3835 esse

215 3860 404 3927 arbitremur
414 3868 511 3944 atque
522 3864 646 3943 atticas,
664 3864 698 3927 in
712 3864 833 3929 ultimis
848 3864 984 3948 syllabis
995 3862 1232 3930 circumflexum
1241 3884 1340 3953 pono.

300 3958 466 4026 Dialeetus
489 3961 632 4027 Euboica
661 3960 777 4028 diutius
801 3964 922 4028 solutas
943 3961 1061 4028 formas
1089 3961 1242 4046 servavit,
1271 3982 1340 4030 oum
