2828 4776
486 329 519 384 de
537 330 676 386 metathesi
695 347 801 400 graeca.
919 303 921 308 Ι
1090 295 1093 301 ¹
1140 331 1201 392 177

164 500 321 583 Exempla
350 501 485 568 Graecis
513 501 658 586 propria,
689 524 772 586 quae
801 502 864 569 huo
894 507 1091 588 pertineant,
1120 505 1201 574 haee

137 606 279 681 promptu
302 599 417 664 habeo.
1230 677 1233 683 Ι

164 698 212 761 96.
239 694 477 781 diamari-orae
501 696 583 772 (rad.
600 722 665 780 περ
689 697 722 761 in
740 695 927 782 διαμπερές
944 699 1200 782 (ἀεινείιρᾶηρίφ),

121 793 143 858 ri
172 793 281 875 fallor,
312 815 353 872 eu
381 792 668 874 *δια-περ-τιο-ς,
699 792 987 876 *ὄια-πυρ-τιο-ς,
1012 796 1201 881 *δια-πυρ-

121 913 179 966 ρ-ς.
222 892 395 957 Metathesi
424 914 466 975 ρσ
497 891 674 957 litterarum
705 892 885 957 eoniunetio
914 893 1035 959 evitata
1062 894 1200 973 videtur,

136 988 167 1052 in
187 985 337 1072 randena,
352 987 471 1071 πρόσω
494 988 535 1053 al.
763 1071 766 1078 ι

164 1088 213 1150 91.
228 1084 337 1169 antyro
354 1094 527 1167 torrere,
548 1083 649 1171 τρύγη
667 1086 843 1151 siccitas
858 1086 990 1152 Fiokius
1006 1108 1037 1170 p.
1050 1091 1111 1152 364
1129 1108 1201 1152 oum

121 1202 188 1248 rau.
212 1183 380 1256 trolrrz-tu,
402 1185 547 1250 seandin.
572 1183 695 1263 thurin,
719 1183 827 1248 theod.
852 1183 980 1247 uacuae
1002 1184 1045 1249 al.
1069 1183 1122 1252 tde
1145 1184 1201 1248 lat.

121 1301 202 1362 mere
225 1281 350 1364 dubito)
372 1282 415 1346 ad
437 1280 506 1347 rad.
530 1302 638 1365 europ.
661 1278 773 1362 *tarny
797 1282 969 1362 revocavit,
994 1302 1077 1363 quae
1099 1302 1117 1347 e
1139 1282 1203 1365 pri·

121 1379 179 1442 tria
202 1378 317 1461 radiae
333 1389 401 1443 turs
423 1385 582 1444 torrere
605 1387 646 1456 (v.
670 1385 688 1455 ξ
711 1383 731 1441 4
754 1400 785 1442 n.
809 1382 861 1454 25)
885 1377 981 1443 dueta
1004 1385 1098 1444 esset.
1136 1379 1203 1444 sie-

121 1476 182 1541 atis
216 1477 380 1542 notionem
412 1477 446 1541 in
480 1474 580 1561 τρύγη
612 1483 644 1564 et
677 1476 821 1558 regnatis
843 1475 1008 1547 vocabulis
1030 1476 1074 1540 ad
1095 1475 1202 1558 fruges

121 1572 156 1638 ‚is
177 1574 284 1639 calore
306 1580 413 1640 oootas
435 1575 575 1656 indeque
598 1572 641 1639 ad
655 1593 790 1641 messem
813 1575 949 1639 relatam
973 1593 1044 1639 esse
1059 1574 1203 1640 Rosoher

121 1668 245 1734 2udien'.
270 1672 295 1750 1,
319 1675 348 1752 2,
376 1676 435 1737 116
466 1669 609 1736 ostendit
635 1670 754 1735 collato
783 1675 888 1754 θέρος
916 1670 1092 1753 voeabula,
1116 1670 1203 1753 quod

121 1766 223 1834 uiliter
244 1776 418 1851 aestatem,
441 1768 557 1850 fruges,
583 1788 719 1834 messem
742 1767 910 1850 signifieat.
947 1766 1038 1833 Idem
1061 1770 1204 1835 Rosoher

121 1869 163 1930 ste
184 1865 257 1931 festi
271 1867 386 1932 aestivi
408 1887 526 1933 nomen
559 1863 729 1951 Ταργήλια
752 1863 953 1949 (Θαργήλια)
977 1865 1090 1930 eodem
1112 1886 1204 1931 revo-

121 1962 178 2043 vit,
207 1969 242 2027 ut
264 1964 469 2030 statuendum
491 1965 587 2031 sitin
610 1964 671 2028 hoe
692 1962 906 2043 antiquiorem
928 1960 1045 2027 radiois
1067 1962 1202 2027 formam

121 2078 151 2125 se
178 2064 349 2126 servatam.
393 2062 511 2128 Forma
539 2060 656 2126 radiois
685 2059 877 2125 intermedia
909 2056 1015 2142 *τυργ
1045 2080 1203 2142 nusquam

121 2164 206 2222 rvata
228 2144 308 2223 est.¹
797 2203 799 2207 .

163 2258 214 2321 98.
238 2243 398 2340 κρύπτειν
428 2257 637 2342 (ratianum,
665 2257 762 2338 κρυβ)
791 2253 956 2337 segregari
978 2253 1034 2317 vix
1055 2259 1205 2337 potesta

121 2372 134 2416 ;.
157 2354 270 2424 celare,
295 2351 402 2419 theod.
426 2353 527 2425 helan,
551 2373 598 2435 gr.
616 2351 773 2417 καλύπτει)
790 2358 862 2433 oet,
885 2351 924 2416 of.
940 2351 1118 2436 Walterum
1135 2351 1201 2415 KZ.

121 2448 154 2530 il,
178 2454 252 2514 376.
275 2449 361 2515 Cart.
391 2471 422 2533 p.
446 2453 518 2515 509.
562 2450 597 2516 si
620 2451 689 2532 quis
712 2455 843 2533 propter
865 2447 1046 2513 καλύπτειν
1068 2448 1204 2514 formam

121 2546 219 2614 dioem
242 2572 331 2633 κρυφ
342 2568 498 2633 syncope
520 2545 588 2613 *ex
604 2570 715 2633 καρυφ
733 2553 834 2612 ortam
851 2546 1021 2630 putaverit,
1046 2545 1076 2611 ei
1092 2545 1203 2611 obver-

121 2651 164 2709 tur
186 2645 342 2729 Hesychii
368 2648 478 2729 glossa
508 2642 760 2730 κυρβ-άδωμεν·
795 2642 994 2729 κρύψωμεν,
1026 2645 1081 2709 uhi
1103 2643 1231 2710 forma

121 2761 162 2807 ;er
191 2748 308 2828 *καρφ
339 2750 371 2808 et
403 2767 491 2829 κρυφ
524 2741 717 2808 intermedia
746 2747 875 2806 servata
903 2741 1046 2824 videtur';
1078 2764 1103 2827 φ
1129 2746 1205 2822 etit

121 2845 224 2921 tasse,
249 2859 320 2904 oum
342 2841 465 2922 liquida
487 2839 705 2923 praecederet,
730 2857 770 2902 ex
785 2863 813 2902 π
829 2845 899 2904 orta
921 2845 1004 2904 sunt.
1050 2837 1204 2917 Quamvis

121 2945 186 3002 tem
209 2936 360 3003 miremur
388 2940 491 3003 solum
514 2935 676 3021 κρύπτειν
699 2960 717 3021 ρ
743 2936 921 3018 retinuisse,
942 2943 1060 3004 tamen:
1074 2936 1205 3001 eredere

121 3040 163 3100 et·
176 3034 359 3099 eiusverui
381 3033 523 3100 radieem
548 3033 663 3118 (*lrurp
686 3068 729 3078 -
751 3030 870 3111 *turm
895 3033 959 3097 iam
973 3033 1204 3111 antiquissimis

121 3131 275 3215 nporibus
298 3131 470 3198 exstitisse.
514 3129 684 3195 Kairiana
707 3129 795 3195 haud
817 3130 914 3196 dubie
936 3133 1035 3196 multo
1057 3138 1131 3214 post
1152 3151 1207 3195 vo·

121 3230 140 3294 ii
162 3230 284 3294 inserta
306 3229 393 3311 apud
416 3230 557 3295 Graecos
580 3248 598 3295 e
620 3227 688 3294 rad.
710 3227 766 3290 leel
785 3227 954 3292 formatum
980 3234 1038 3293 est.

164 3329 215 3392 99.
241 3323 401 3409 dederam
425 3347 466 3392 ex
488 3326 641 3410 primaria
655 3324 764 3391 radice
781 3323 839 3408 ὁερ
864 3323 1071 3406 scindere,
1096 3325 1206 3389 laee-

126 3444 186 3506 re,
218 3443 300 3506 quae
328 3424 360 3488 in
397 3422 524 3507 δερ-ειν
553 3425 637 3490 inest
668 3423 718 3502 (ef.
749 3427 863 3500 §cin
888 3425 951 3503 31),
981 3446 1009 3486 π
1030 3420 1204 3487 secedente

121 3698 151 3753 >d
175 3697 200 3750 is
224 3685 461 3750 nullamradioem
480 3698 513 3750 ab
532 3696 609 3750 initio
628 3696 656 3748 iu
674 3712 692 3748 u
711 3697 738 3748 et
756 3695 767 3747 ε’
783 3694 954 3747 terminatam
972 3691 1056 3746 fuisse
1074 3691 1138 3744 vult.
1174 3692 1206 3747 In

121 3778 242 3834 ibusdam
266 3778 382 3832 fortasse
407 3776 608 3844 eoncedendum
632 3780 674 3829 est
692 3793 709 3829 a
728 3774 828 3829 vocalis
853 3773 1023 3828 affectionem
1041 3777 1104 3840 post
1122 3776 1206 3827 meta·

121 3860 177 3915 sim
204 3858 305 3913 factam
330 3873 397 3912 esse.
432 3857 495 3911 Mea
517 3863 608 3910 tamen
632 3857 766 3910 sententia
789 3856 907 3924 plurium
931 3852 1114 3922 exemplorum
1139 3857 1230 3909 ana·'

121 3940 151 4002 ia
169 3939 273 4002 nititur,
292 3939 327 3993 of.
346 3944 455 4008 praeter
474 3942 564 3992 cetera
582 3937 639 3993 rad.
658 3937 711 3992 tar·
729 3967 762 3976 —
780 3934 825 3990 tu
842 3933 940 3994 —Joa'
956 3939 992 4000 (n.
1014 3936 1071 3999 102)
1089 3933 1147 3989 sim.

131 4025 266 4072 curtius,
281 4025 373 4067 Studien
388 4025 413 4066 V.
972 4022 1002 4070 12
