2828 4776
453 351 485 409 de
502 353 646 409 metathesi
661 367 766 423 graeca.
1111 349 1170 414 127

57 522 193 611 ἀμιθρός
222 543 280 609 pro
309 519 514 607 dqsepo‘ess),
548 523 724 613 Μιτυλήνη
755 544 813 612 pro
835 524 1013 614 Μυτιλήνη
1024 528 1066 606 ¹²),
1089 528 1171 612 sim„

58 644 106 696 nee
123 624 231 689 minus
252 623 428 707 singularia
456 629 530 689 sunt
558 642 597 689 ea
625 624 791 706 exempla,
825 643 907 707 quae
934 624 1090 709 liquidam
1118 626 1172 692 vel

60 723 189 794 nasalem
211 739 283 789 eum
304 720 412 786 vicina
440 738 582 786 consona
611 722 666 787 vel
694 722 911 805 compluribus
942 720 1058 788 litteris
1090 741 1173 788 eom-

61 826 198 889 mulatam
221 819 378 902 praebent
404 817 458 897 (ef.
488 817 592 900 §12),
625 819 714 884 velut
737 813 893 903 Ἄτρεμις
926 839 984 903 pro
1010 815 1172 904 Ἄρτεμις,

65 921 168 1006 dolove
190 936 249 1002 pro
274 914 406 1003 δίφρος,
431 910 617 999 ἅνδραγχος
638 935 697 998 pro
720 911 915 1000 ἅνδραχνος.

132 1015 197 1084 Sed
220 1014 427 1096 dubitaveris,
449 1031 527 1078 num
556 1031 616 1095 ego
644 1020 730 1080 reete
758 1033 885 1078 omnem
907 1015 1111 1081 metathesim
1134 1033 1172 1082 eo

67 1109 1172 1199 effiwmwmmmfflmmffiwmwafflwmnmmm
1233 1182 1237 1191 ,

64 1215 137 1297 ipsae
162 1211 241 1277 illae
267 1208 409 1291 litterae,
442 1227 526 1290 quae
553 1209 693 1275 maxime
722 1228 844 1292 pronae
875 1217 906 1276 et
927 1228 1109 1294 propensae
1130 1209 1173 1276 ad

67 1309 248 1377 metathesim
264 1305 421 1387 dieantur,
443 1303 478 1370 in
494 1305 685 1388 quibusdam
700 1305 856 1389 exemplis
871 1307 1071 1391 postpositae
1093 1307 1172 1391 sint;

68 1408 154 1491 itaque
177 1403 330 1471 malueris
362 1404 396 1468 in
423 1397 579 1487 Ἄτρεμις
615 1424 672 1487 pro
699 1400 872 1488 Ἄρτεμις,
912 1404 1079 1470 amonitoris
1116 1424 1173 1487 pro

70 1499 1174 1586 mmmd—mMthmmmmwma,mmw

68 1602 152 1682 posita
186 1598 303 1665 disere.
347 1599 471 1665 Tamen
508 1597 551 1663 ad
586 1617 654 1666 rem
690 1600 794 1684 ipsam
831 1600 891 1665 hoe
926 1619 1057 1682 prorsus
1092 1597 1174 1665 nihil

71 1695 162 1764 diliert.
206 1694 300 1776 Quod
337 1696 422 1762 enim
458 1696 602 1779 liquidae
638 1697 811 1781 praecipue
846 1696 1017 1763 metathesi
1053 1698 1173 1779 lavent,

70 1793 253 1861 nullomodo
275 1792 531 1886 studioqeuidam
559 1793 646 1861 sedis
673 1793 850 1860 mutandae
879 1793 925 1860 eis
951 1793 1048 1859 insito
1077 1794 1176 1859 tribu·

71 1891 165 1958 andum
191 1898 255 1971 est,
288 1890 347 1958 sed
368 1891 445 1959 inde
466 1890 693 1975 repetendum,
723 1891 809 1975 quod
831 1910 890 1958 eae
912 1910 983 1956 eum
1004 1891 1039 1956 in
1060 1890 1176 1958 mediis

71 1991 212 2056 sooabulis
240 1995 273 2056 et
297 1989 504 2072 sequentibus
527 1997 559 2056 et
580 1989 850 2074 praesedentibus
872 1988 1021 2054 eonsonis
1043 1987 1176 2071 adiungi

72 2085 1174 2170 pwmfflnmwwffiwffiamowmfflmnmmmm
1240 2137 1241 2140 ,

72 2179 225 2252 litterarum
248 2183 397 2267 eifioitur,
420 2184 515 2251 iaeile
545 2184 747 2253 cesserint
773 2183 882 2264 itaque
910 2202 1038 2250 seeum
1061 2185 1175 2250 vieinis

72 2278 163 2350 litteris
183 2282 370 2350 commutari
392 2284 610 2365 patiantur.
656 2281 694 2347 Id
716 2301 793 2347 vero
819 2301 886 2346 non
912 2281 946 2346 in
976 2282 1022 2348 eis
1050 2287 1175 2346 tantum
1209 2343 1213 2355 ,

73 2381 204 2465 exemplis
226 2379 367 2448 valuisse
381 2386 540 2465 apparet,
572 2379 627 2445 ubi
648 2379 740 2463 ipsae
762 2378 904 2461 liquidae
925 2387 1175 2464 praeponuntur,

73 2474 163 2543 sedin
183 2478 230 2545 eis
253 2483 388 2561 quoque,
412 2478 468 2544 ubi
490 2478 609 2545 diversi
630 2478 758 2561 generis
772 2477 882 2543 littera
897 2477 1072 2560 anticipata
1089 2484 1176 2561 post·

73 2581 218 2650 ponuntur.
262 2575 391 2642 Etenim
424 2569 547 2664 ὄρίφος
579 2576 765 2660 praeposita
795 2573 919 2656 liquida
950 2595 1008 2658 pro
1043 2573 1175 2660 δίφρος,

64 2659 193 2752 Ἅτρεμις
215 2679 304 2739 muta
328 2674 513 2756 praeposita
540 2670 786 2757 proiepaepag,
822 2672 988 2738 σπεκλοῡν
1018 2696 1054 2738 εκ
1083 2690 1177 2755 prae·

73 2771 210 2853 teeupatis
231 2791 290 2854 pro
313 2769 479 2835 σπλεκοῦν
503 2769 566 2835 diei
594 2776 781 2855 potuerunt,
815 2770 891 2853 quia
917 2770 1013 2837 laailo
1043 2769 1098 2855 dp,
1126 2795 1176 2856 τρ,

73 2867 1176 2951 tmmwmmMmfflfflmmfflfflm

72 3031 354 3056 8-—

127 3151 153 3218 ¹¹)
169 3153 202 3207 Ε.
220 3153 259 3206 Μ.
279 3157 319 3219 83,
339 3157 384 3207 42:
405 3148 575 3221 ἀμιθρῆσαι·
593 3152 751 3222 Σιμωνίδης
769 3149 818 3204 τὸν
838 3149 961 3223 ἀριθμὸν
980 3149 1103 3222 ἆμιθρὸν
1121 3145 1177 3206 εἷπε

71 3222 122 3270 καθ’
141 3229 286 3306 ὑπέρθεσιν
303 3265 336 3275 -
353 3253 377 3288 v.
389 3234 488 3302 Bergk.
507 3232 591 3303 Lyr.³
608 3248 634 3301 p.
650 3236 724 3297 mer,
742 3231 775 3285 fr.
796 3235 845 3287 ms
864 3233 924 3287 ooli.
945 3233 979 3287 ad
997 3233 1029 3286 fr.
1054 3236 1098 3285 125
1117 3250 1141 3285 v.
1152 3236 1176 3285 e.

71 3296 154 3366 Gallim,
172 3313 204 3368 fr.
225 3318 274 3368 339
302 3310 427 3387 ‹laisteis›
453 3316 564 3370 uerbum
591 3313 673 3368 habet
699 3319 725 3366 et
753 3313 787 3366 al.
812 3313 965 3368 testimonia
989 3331 1012 3366 v.
1037 3313 1066 3367 in
1084 3313 1176 3382 Steph.

70 3376 123 3439 thes,
141 3409 192 3448 sa.
222 3393 292 3464 Quin
311 3389 431 3466 ἀριθμός
448 3395 534 3450 forma
551 3393 710 3464 primigenia
727 3394 770 3458 sit,
789 3393 899 3448 dubium
917 3398 1035 3456 nonest,
1055 3391 1089 3447 cf.
1102 3392 1177 3446 Ourt.

71 3470 89 3522 l·
106 3467 157 3526 317.
174 3505 208 3514 -
226 3473 317 3529 Simile
344 3478 385 3528 est
409 3475 509 3543 θίδραξ
525 3502 559 3522 =
576 3474 646 3543 vulg.
667 3474 780 3544 δρίθιιξς
808 3473 841 3528 de
866 3475 918 3528 hoo
943 3479 970 3528 et
988 3472 1047 3527 aliis
1065 3489 1088 3525 v.
1107 3471 1175 3526 Lob.

71 3549 116 3608 ⁰²1)-
132 3548 157 3605 II
174 3557 198 3623 ξ.
219 3559 243 3608 3.
279 3554 384 3610 Eadem
410 3561 451 3609 est
468 3555 623 3612 metathesis
650 3555 678 3609 in
696 3555 785 3610 theod.
811 3555 882 3624 essip
900 3581 934 3600 =
951 3558 1005 3622 got.
1025 3551 1113 3617 alred,
1129 3552 1176 3605 lat.

70 3630 159 3686 tecam
175 3640 225 3690 eet.
244 3652 269 3690 v.
288 3635 360 3691 Pott.
379 3635 396 3690 l.
414 3635 432 3690 l.

128 3711 157 3778 ¹²)
172 3714 246 3770 Haeo
274 3721 347 3771 certe
373 3716 522 3771 seeundum
547 3720 663 3770 veterem
687 3715 890 3785 grammaticum
917 3717 950 3777 (a.
969 3712 1039 3769 Lob.
1064 3729 1091 3782 p.
1117 3715 1177 3778 522)

69 3771 141 3843 ‘lma
163 3795 291 3864 primaria
318 3801 366 3852 est.
403 3796 505 3851 Similia
527 3795 683 3851 metathesis
706 3796 827 3865 exempla
850 3795 934 3850 habes
959 3809 1003 3863 ap.
1022 3793 1089 3848 Lob.
1110 3808 1133 3848 o.
1152 3790 1180 3846 II

69 3853 87 3918 9·
103 3869 118 3917 4
133 3879 160 3927 et
176 3880 199 3930 5.
210 3904 242 3917 -
254 3877 384 3933 Fortasse
401 3875 535 3932 interdum
554 3875 634 3931 etiam
650 3875 735 3930 maor
752 3875 902 3930 litterarum
918 3873 1087 3943 perturbatio
1105 3873 1179 3929 laeta

10 3922 13 4034 l
68 3944 107 4005 elta
126 3953 150 4006 ti
165 3958 294 4025 quaedam
311 3973 328 4013 a
345 3957 485 4014 Lobeckio
504 3957 586 4013 allata
603 3957 632 4012 in
649 3945 701 4012 uhu
718 3955 802 4011 fuisse
821 3955 929 4012 credere
947 3955 1018 4011 lieet.
