2828 4776
144 367 207 428 212
236 411 238 413 ·
360 433 362 437 A
624 368 793 438 Siegismund

143 541 299 624 liquidas,
334 541 531 623 evanuisset,
565 560 603 606 eo
632 542 787 624 paulatim
810 539 898 619 itt,
934 539 1019 622 ἐμμ-
1041 548 1075 605 et
1097 539 1175 606 inde
1196 538 1262 618 sil,

139 636 219 719 cip·
246 637 406 720 prodiisse
431 639 515 704 bene
537 641 695 723 exposuit.
739 639 818 703 Mihi
839 658 916 704 vero
936 659 1129 726 persuasum
1152 646 1200 704 est
1219 659 1264 704 vo·

144 735 224 800 calis
245 737 507 819 anticipationem
529 737 562 801 in
584 738 812 802 vocabulorum
834 737 949 813 initiis,
973 735 1028 800 ubi
1051 736 1196 801 admissa
1215 743 1264 815 est,

143 832 273 897 omnino
296 833 410 899 eadem
432 834 500 902 fere
521 835 644 900 ratione
667 854 739 900 esse
760 834 893 912 factam,
917 833 1190 915 quemadmodum
1210 833 1265 898 iam

143 930 178 993 in
194 933 243 1006 §2
259 931 343 996 hanc
358 933 474 998 seriem
491 932 665 997 formarum
686 932 785 997 fuisse
806 932 988 1016 suspicatus
1011 948 1096 996 sum:
1122 931 1267 1016 *ῥαπ-οξ

143 1028 264 1093 =1at
287 1050 417 1112 rap-oa,
440 1025 607 1113 *ἆραπαξ,
631 1025 797 1114 *ἁραπαξ,
822 1025 944 1112 ἅρπαξ.
989 1029 1160 1093 Habemus
1181 1028 1267 1110 igitur

143 1125 177 1189 in
205 1125 256 1190 his
285 1126 372 1191 haud
401 1127 498 1192 dubie
520 1148 585 1192 non
607 1148 717 1193 veram
739 1126 941 1193 metathesim
964 1126 1022 1191 sed
1045 1125 1221 1209 prothesim
1241 1131 1267 1190 et

142 1242 308 1306 syncopen
332 1224 568 1306 quodammodo
591 1225 790 1306 commetes,
827 1243 910 1306 quae
942 1223 1077 1289 eaedem
1112 1223 1266 1290 seiunctae

143 1322 382 1404 conspiciuntur
410 1324 445 1386 in
473 1320 615 1406 ὀ·ρε’γ-ω
639 1359 680 1368 -
703 1320 839 1406 cipp-vad
862 1342 880 1387 e
901 1322 971 1387 rad.
993 1343 1068 1403 rap,
1098 1342 1157 1402 rep
1179 1319 1266 1396 (Ourt.

142 1439 175 1501 p.
201 1422 284 1500 174),
306 1419 341 1483 in
364 1416 528 1501 ἀ-μαλ-ός
551 1455 593 1464 -
615 1418 772 1503 *ἀμ-λος,
798 1417 927 1502 duplicia
949 1439 969 1483 a
990 1419 1059 1484 red.
1083 1419 1149 1480 mol
1169 1419 1210 1483 al.

186 1516 229 1581 Π.
252 1518 321 1581 Iam
345 1517 386 1582 de
408 1536 446 1583 eo
469 1536 603 1599 genere,
637 1519 672 1583 iu
695 1539 756 1601 quo
785 1517 909 1600 liquida
935 1518 989 1582 vel
1018 1515 1143 1581 nasalis
1172 1514 1267 1580 vocali

143 1615 330 1698 praeposita
366 1612 529 1695 videatur,
568 1615 697 1680 brevius
733 1615 787 1697 agi
823 1615 950 1698 poterit.
1006 1615 1131 1678 Rursus
1170 1619 1267 1677 autem

143 1710 368 1776 difficillimum
391 1718 440 1777 est
462 1711 510 1777 de
538 1711 675 1794 singulis
705 1711 862 1794 exemplis
894 1711 936 1776 ad
970 1717 1091 1775 certum
1124 1711 1267 1776 iudicium

142 1810 322 1893 pervenire.
367 1810 476 1876 Affero
499 1830 582 1893 quae
603 1811 739 1876 fortasse
759 1809 875 1890 aliquis
897 1810 959 1873 hue
980 1808 1140 1874 retulerit

229 1906 340 1990 laycis
380 1908 454 1972 ilia
483 1909 614 1974 Fickins
644 1929 676 1991 p.
709 1911 747 1972 17
786 1927 856 1971 cum
889 1926 948 1971 ser.
983 1907 1054 1988 atqu
1088 1906 1267 1990 composuit,

145 2003 271 2070 Curtius
294 2027 325 2088 p.
344 2010 404 2070 146
426 2006 568 2071 radicem
590 2008 641 2089 lup
665 2005 828 2070 mollem
852 2024 958 2085 esse,
981 2003 1069 2068 unde
1091 2004 1148 2067 lat.
1172 2004 1266 2071 lucter,

144 2105 285 2185 loopoeo,
309 2125 368 2169 scr.
391 2102 499 2187 totid-d
520 2111 708 2181 manarunt,
731 2104 907 2169 subiectam
928 2102 1065 2185 putavit.
1092 2101 1268 2178 -Quaenam

143 2201 257 2264 harum
286 2201 458 2267 formarum
491 2203 571 2267 ratio
605 2202 662 2278 sit,
699 2221 765 2264 non
797 2199 952 2278 diiudieo,
989 2204 1099 2264 temen
1135 2198 1268 2279 liquidae

143 2299 406 2383 anticipationem
439 2301 495 2364 vix
533 2300 643 2365 dubito
674 2298 806 2364 Graecis
842 2296 1037 2362 abiudicare.
1083 2295 1198 2361 Simile
1229 2302 1268 2360 est

144 2398 329 2478 exemplum

229 2493 392 2577 λαπαρός,
408 2484 574 2559 lauduuo)
590 2526 633 2544 =
648 2514 707 2559 ser.
724 2494 833 2577 alpe-r,
850 2491 993 2575 ‹ripalta-r
1014 2490 1141 2570 lenis,
1164 2491 1268 2555 lituan.

138 2588 232 2672 οἱον),
266 2592 375 2674 alp-sti
405 2592 655 2658 imbecillum
687 2590 785 2655 fieri
810 2596 851 2668 (v.
875 2589 1022 2654 Fiekium
1045 2589 1067 2651 l.
1090 2589 1138 2668 la,
1159 2586 1269 2651 -ubi

144 2705 205 2751 nec
226 2690 353 2769 graecis
375 2690 548 2772 exemplis,
579 2708 661 2772 qnae
684 2696 770 2753 certa
791 2686 978 2767 videantur,
1001 2685 1145 2768 liquidae
1167 2685 1269 2749 antici-

144 2785 325 2867 pationem,
359 2807 420 2852 nec
445 2788 567 2853 vocalis
590 2785 854 2868 anticipationem
876 2784 1033 2848 similibus
1056 2784 1215 2866 exemplis
1236 2801 1269 2846 er

145 2882 298 2947 Indorum
321 2891 353 2948 et
373 2885 581 2950 Lituanorum
604 2883 723 2964 linguis
747 2882 945 2964 depromptis
974 2881 1112 2963 probare
1137 2900 1268 2965 possum.

230 2980 406 3062 λεβίνθιος
439 2982 525 3064 qued
562 2987 610 3047 eet
643 3000 702 3063 pro
733 2977 915 3062 ἐρέβινθος
947 2978 1125 3062 (Hesych.)
1154 2979 1269 3044 Walter

143 3077 212 3142 KZ.
235 3078 294 3159 XI,
318 3082 380 3144 430
410 3078 535 3161 liquida
569 3084 782 3143 transmutata
816 3083 918 3140 ortum
951 3076 1062 3140 statuit
1094 3095 1137 3141 ex
1168 3076 1268 3141 radice

144 3181 243 3257 'torp³
279 3176 364 3258 quod
394 3183 503 3241 tamen
525 3175 738 3240 demonstrari
760 3174 880 3255 nequit.
925 3174 1024 3238 Recte
1045 3194 1123 3239 vero
1146 3173 1268 3239 Fickius

144 3294 175 3355 p.
202 3277 240 3336 14
262 3274 371 3357 indog.
393 3271 574 3335 *oroorirdo
597 3274 743 3356 posuisse
765 3272 906 3350 videtur,
935 3290 1007 3334 cum
1028 3290 1088 3335 scr.
1113 3269 1265 3338 οναοὶννᾱι,

144 3369 252 3435 theod.
275 3372 423 3442 croceis,
447 3391 494 3453 gr.
518 3368 700 3453 ἐρέβινθος
723 3376 796 3452 post
817 3390 836 3430 ν
857 3368 1002 3432 vocalem
1024 3368 1178 3433 habeant
1214 3368 1267 3431 lta·

144 3486 206 3549 que
229 3468 406 3551 λεβίνθιος
427 3469 534 3551 petius
557 3467 728 3550 aphaeresi
751 3486 791 3531 ex
813 3463 996 3548 ἐρέβινθος
1018 3465 1148 3549 prodiit.

199 3595 204 3599 >
231 3565 464 3646 Difficillimum
492 3573 600 3630 autem
630 3573 678 3630 est
705 3563 857 3627 iudicium
881 3562 922 3628 de
944 3563 1013 3627 rad.
1037 3559 1103 3646 ἀρὸ
1127 3564 1162 3627 in
1184 3557 1266 3646 ἄρδω

144 3666 177 3725 et
199 3660 262 3746 ῥαδ
289 3663 322 3727 in
353 3660 571 3747 ἐρράδαται,
606 3663 709 3748 ῥαίνω
733 3674 803 3744 (pro
825 3658 980 3742 *ῥαδ-νω
1002 3667 1058 3724 aut
1080 3656 1265 3745 *dod-vso).

143 3758 182 3823 Si
203 3757 345 3824 Curtium
367 3760 545 3842 sequimur,
580 3761 635 3841 qui
656 3781 688 3842 p.
711 3761 773 3821 215
797 3776 857 3843 scr.
881 3756 1008 3818 ordre-s
1031 3756 1170 3839 confert,
1201 3781 1219 3839 ρ
1240 3755 1267 3817 in

48 3872 50 3876 “
145 3855 249 3939 ῥαίνω
266 3863 325 3922 cet.
349 3856 393 3922 ad
413 3857 539 3921 initium
561 3856 710 3922 vocabuli
733 3855 923 3919 translatum
946 3873 1017 3919 esse
1033 3852 1267 3920 concedendum

142 3959 203 4018 est.
248 3948 328 4020 Cum
349 3961 457 4020 autem
479 3953 620 4020 radicem
643 3951 706 4040 ῥαδ
729 3952 784 4015 vix
805 3971 826 4016 a
848 3950 915 4016 rad.
940 3950 1029 4037 ῥαθ,
1046 3968 1049 3974 ’
1064 3971 1149 4033 quae
1175 3948 1268 4017 estin
