2828 4776
386 341 428 397 De
445 344 585 397 titulorum
602 336 752 400 ionicorum
771 344 896 401 dialecto.
1144 345 1209 410 283

163 514 339 579 Reicienda
361 515 413 580 hic
436 522 484 581 est
506 514 590 581 falsa
613 517 721 598 opinio
744 536 870 591 eorum,
893 518 946 599 qui
970 527 1084 602 putant
1105 523 1139 586 in
1160 524 1207 588 in-

121 608 206 676 u'tivis
227 611 293 676 illis
315 614 346 699 Ε
365 632 431 676 non
452 633 511 696 pro
534 637 565 677 ει
581 632 652 679 6116
673 615 835 698 scriptum,
859 615 917 681 sed
932 636 967 683 re
982 638 1059 684 vera
1074 619 1206 687 brevem

121 707 220 772 colem
246 730 261 772 e
291 708 481 791 significare.
527 709 620 788 Quod
650 712 883 778 contenderunt
913 721 945 779 et
967 715 1122 797 Newton,
1152 718 1206 800 qui

121 801 249 871 finitivos
267 809 450 880 ΦΕΥΓΕΝ
470 814 502 873 61
523 810 782 872 ΕΠΙΚΑΛΕΝ
799 809 833 874 in
851 809 1089 879 Halioamassio
1112 814 1207 880 titulo

121 902 188 968 6161
210 903 349 969 dorismo
371 904 459 973 urbis
473 904 695 972 Halieamassi
715 906 835 988 tribuit,
859 914 891 973 et
908 907 1092 992 Bergmann
1115 912 1206 989 (Her-
1294 907 1296 912 ’

121 1017 156 1080 es,
177 1000 235 1066 Ill.
258 1023 289 1085 p.
314 1005 375 1066 233
394 1004 465 1084 so),
489 1003 542 1084 qui
565 1003 661 1069 etiam
683 1003 859 1070 infinitivos
880 1008 1155 1073 ΠΡΟΣΕΡΔΕΝ
1174 1016 1206 1076 61

121 1101 296 1163 ωΕΙΛΕΝ
313 1100 346 1163 in
368 1099 471 1165 titulis
493 1101 623 1166 Γ11111111
655 1096 857 1169 occurrentes
885 1103 931 1168 ita
952 1105 1109 1187 legendos
1132 1125 1205 1173 esse

121 1197 207 1261 usnit.
244 1197 377 1263 Rectum
393 1197 544 1264 viderunt
558 1199 595 1264 A.
609 1198 780 1265 Kirohhoff
792 1202 825 1273 11.
841 1201 863 1265 1.
880 1220 911 1284 p.
931 1204 992 1282 11),
1015 1201 1056 1267 H.
1072 1203 1205 1287 Sauppe

121 1296 174 1358 ott.
196 1295 412 1361 Naehriohten
438 1299 528 1378 1863,
552 1316 583 1378 p.
607 1300 691 1373 303),
715 1298 753 1363 A.
776 1298 944 1365 Michaelis
977 1300 1201 1384 (Archaeolog.

121 1389 219 1474 itung,
243 1393 339 1458 XXV
354 1394 410 1459 Nr.
430 1397 502 1476 217,
526 1398 591 1477 p.1
616 1400 686 1476 sq.),
710 1397 765 1477 qui
786 1395 1017 1463 intellexerunt
1039 1398 1072 1463 in
1094 1398 1145 1464 his
1166 1406 1203 1464 nt

134 1491 297 1571 permultis
319 1491 393 1558 aliis
414 1490 525 1557 formis
548 1494 576 1555 E
597 1512 654 1574 pro
678 1516 709 1557 ει
732 1513 803 1559 6116
825 1494 987 1577 scriptum.

160 1586 248 1666 Quae
277 1589 449 1673 explicatio
472 1609 543 1654 cnm
569 1590 806 1673 simplicissima
834 1591 890 1674 sit,
919 1612 985 1656 non
1007 1591 1118 1674 video,
1148 1611 1204 1657 cnr

121 1701 295 1767 rgmannus
320 1687 458 1770 refugiat
485 1686 529 1751 ad
549 1687 873 1770 ponendamnovam
896 1690 1030 1755 formam
1051 1690 1200 1770 ionicam,

140 1799 198 1862 qua
219 1791 388 1866 praeterea
410 1785 491 1849 nihil
514 1791 649 1851 constat.
704 1790 706 1795 '

160 1883 187 1944 2.
231 1882 362 1965 Duplex
383 1882 443 1947 illa
465 1881 616 1948 elementi
638 1886 667 1946 E
687 1883 721 1947 in
736 1883 969 1966 antiquioribus
989 1882 1090 1950 titulis
1105 1884 1202 1966 signi-

121 1975 176 2041 1116
198 1999 355 2044 summum
378 1980 471 2046 nobis
493 1986 542 2045 est
562 1980 843 2064 impedimentum,
870 1981 1053 2063 ubicunqne
1078 1982 1202 2063 quaeri·

121 2088 141 2153 ·,
165 2083 269 2140 utrum
292 2097 354 2141 vox
377 2076 536 2160 quaedam
558 2078 664 2143 ionica
686 2077 921 2161 diphthongum
944 2078 1065 2144 babeat
1087 2103 1134 2161 ει,
1158 2100 1200 2145 an

121 2172 208 2254 rplex
238 2198 264 2238 ε.
317 2173 410 2252 Quod
440 2174 568 2256 quidem
599 2174 706 2242 evenit
734 2175 768 2239 in
797 2175 1037 2258 praepositione
1060 2174 1126 2257 εἰς,
1153 2174 1199 2257 ἐς,

121 2285 155 2333 ae
183 2292 247 2336 nno
277 2275 307 2335 Ε
335 2272 456 2356 scripta
488 2273 593 2338 sexies
626 2272 743 2355 legitur
774 2274 808 2337 in
840 2271 1067 2338 vetustioribus
1099 2273 1200 2339 titulis
1312 2325 1314 2330 .

121 2369 138 2447 l,
153 2370 228 2432 8.-
246 2373 294 2450 13,
311 2374 362 2434 47.
380 2373 430 2436 18.
448 2373 556 2433 51.-
575 2375 622 2450 14,
641 2372 782 2450 6-21,
798 2367 865 2453 40),
889 2388 907 2434 6
930 2369 1044 2450 quibus
1067 2369 1108 2435 (16
1122 2390 1200 2436 vera

121 2465 159 2530 cis
179 2468 440 2549 pronuntiatione
462 2467 543 2532 nihil
565 2466 713 2532 concludi
735 2473 849 2550 potest.
895 2464 974 2532 Cum
1003 2472 1111 2533 antem
1133 2474 1199 2534 tres

121 2561 155 2627 1li
175 2565 383 2644 recentiores,
414 2564 467 2646 qui
489 2571 598 2630 nostro
620 2583 709 2629 more
731 2583 826 2629 omne
849 2588 880 2629 ει
908 2564 1054 2647 pleniore
1075 2567 1126 2629 ΕΙ
1145 2564 1201 2631 de·

121 2667 199 2725 nant
222 2665 285 2742 (25,
306 2665 353 2728 18.
375 2697 417 2707 -
434 2664 484 2727 28.
499 2696 541 2706 -
557 2666 609 2743 30,
625 2664 688 2743 29),
711 2661 984 2745 praepositionem
1007 2668 1040 2727 et
1056 2661 1118 2745 ipsi
1134 2683 1201 2728 uno

121 2759 263 2841 scribant,
286 2765 479 2839 certnmest,
503 2778 611 2824 eorum
626 2766 780 2842 tempore,
803 2758 864 2823 hoc
883 2764 932 2824 est
946 2758 1202 2838 mediosaeculo

121 2861 192 2938 6116,
216 2856 395 2923 breviorem
413 2856 661 2940 praepositionis
676 2855 815 2921 formam
832 2853 920 2938 apud
934 2855 1032 2922 Ionas
1045 2857 1201 2923 usitatam

121 2971 175 3019 sse.
221 2954 295 3019 Non
317 2953 418 3019 multo
441 2961 548 3020 autem
569 2961 642 3038 post
663 2953 792 3037 irrepsit
813 2953 915 3018 forma
938 2950 998 3035 εἰς,
1021 2974 1117 3036 quarn
1134 2954 1199 3020 duo

121 3051 153 3114 rli
168 3051 345 3117 Alexandri
362 3052 472 3134 Magni
487 3058 594 3117 aetate
608 3051 720 3135 scripti
736 3050 890 3118 exhibent
906 3053 969 3132 (29,
986 3054 1198 3133 3.-31,161

153 3149 180 3213 Ε
202 3148 303 3214 titulis
325 3149 421 3232 igitur
434 3148 511 3215 solis
527 3149 587 3214 boc
602 3154 726 3213 tantum
742 3147 890 3212 concludi
905 3153 1020 3231 potest,
1044 3145 1080 3223 ἐς
1098 3147 1201 3214 inisse

121 3245 205 3312 icam
235 3246 482 3331 praepositionis
509 3245 643 3311 formam
671 3265 772 3327 usque
806 3244 849 3310 ad
879 3244 1059 3310 Alexandri
1086 3244 1198 3328 Magni
1296 3324 1297 3328 Ἰ

121 3351 216 3426 atem,
240 3363 302 3426 quo
326 3364 366 3410 ex
387 3351 532 3428 tempore
554 3344 652 3409 attica
674 3331 856 3425 praevaluit
876 3341 988 3407 forma.

148 3442 326 3525 ‘Explorari
348 3449 460 3507 eontra
481 3463 546 3507 non
568 3447 689 3525 potest,
720 3459 782 3521 quo
806 3459 846 3505 ex
868 3445 1013 3522 tempore
1034 3438 1136 3504 forma
1157 3436 1198 3517 ἐς

121 3538 261 3607 dialecto
276 3539 381 3605 ionica
401 3539 548 3622 valuerit,
572 3559 642 3604 cum
664 3556 706 3603 ne
730 3536 769 3603 de
792 3537 895 3618 quinti
921 3535 1049 3619 quidem
1072 3536 1197 3603 saecoli

121 3693 124 3703 .
153 3638 239 3703 tituli
261 3638 411 3703 certiores
440 3657 501 3702 nos
528 3636 658 3702 iaciant.
701 3634 739 3698 In
769 3653 875 3716 611616
896 3641 1042 3700 versatur
1064 3635 1196 3700 Renncr

121 3755 157 3821 p.
179 3736 262 3816 175),
287 3734 339 3817 qni
362 3734 553 3799 vetustiores
575 3733 684 3798 titulos
707 3732 798 3815 quasi
822 3738 922 3798 testes
944 3732 1065 3816 profert
1084 3730 1195 3798 brevis

121 3850 194 3912 nae,
218 3851 290 3897 cum
311 3831 437 3898 litterae
452 3833 516 3913 ΕΣ,
540 3850 619 3912 qnas
635 3830 797 3911 exhibent,
822 3837 853 3895 et
868 3827 919 3906 εἰς
934 3835 966 3895 61
981 3827 1017 3906 ἐς
1032 3829 1193 3915 appellari

121 3931 197 3998 sint.

934 4027 986 4080 19*
