2828 4776
374 383 415 438 De
433 384 573 438 titulorum
590 383 740 439 ionicorum
758 386 881 441 dialecto.
1129 383 1190 444 297

151 549 331 619 ἀποδῶται
354 551 419 638 (30,
447 554 510 640 14),
542 551 715 634 discrimen]
739 553 803 638 (29,
835 555 879 640 3),
909 552 1091 636 ἀξιούντων
1120 555 1191 645 (29)

63 655 288 721 auctoritatem
304 673 368 717 non
384 653 514 735 babent,
538 672 609 717 cum
625 654 658 718 in
674 652 774 718 titulis
789 655 894 735 quarti
906 657 1030 722 saeculi
1044 658 1193 740 legantur

63 763 96 822 et
118 757 161 822 ab
184 757 300 834 atticis,
323 769 407 834 quae
428 750 633 833 respondent,
656 751 766 816 formis
788 771 853 816 000
876 751 1024 820 diversae
1046 755 1119 822 sint.

150 858 180 919 2.
225 878 240 920 ε
264 862 297 919 01
320 867 497 931 000000οα
520 847 716 913 colliduntur
738 850 773 913 in
787 848 876 916 hisce
889 849 1015 917 formis:
1038 847 1191 937 ἀφανέας

62 950 132 1035 (13,
158 949 223 1036 38),
251 948 345 1033 ἱερέα
368 942 449 1029 (22),
479 946 690 1027 Στρατοκλέα
714 943 792 1030 (25),
816 943 921 1033 ἐξώλη
946 947 1028 1032 (27),
1058 969 1191 1032 quarum

61 1056 129 1115 tres
153 1048 346 1132 posteriores
375 1050 488 1126 quarto
517 1044 645 1108 saeculo
674 1043 814 1127 scriptae
836 1052 910 1109 sunt
939 1053 1064 1112 etcum
1087 1047 1191 1117 atticis

62 1154 255 1229 congruunt,
279 1144 367 1228 prior
389 1147 511 1205 tantum
534 1141 576 1205 ad
600 1142 744 1222 quintum
766 1143 930 1207 saeculum
951 1144 1101 1227 pertinet.

151 1249 179 1309 3.
225 1244 342 1308 Forma
359 1235 570 1321 Ἀγλώχαρος
598 1239 633 1303 10
661 1240 754 1304 titulo
784 1240 958 1322 Amorgino
988 1237 1055 1324 (15)
1084 1243 1190 1308 medio

60 1348 158 1408 sexto
173 1342 301 1408 saeculo
317 1337 435 1420 scripto
451 1335 546 1399 obvia
568 1337 659 1402 testis
675 1344 725 1403 cst
746 1346 950 1420 pervetustus
965 1341 1191 1407 contractionis

60 1439 224 1505 vocalium
248 1463 269 1502 α
292 1444 324 1504 01
347 1460 375 1513 0,
399 1451 481 1515 0000
497 1432 609 1497 Thasii
632 1434 716 1498 tituli
736 1436 923 1502 recentioris
947 1433 1013 1519 (23,
1032 1437 1066 1522 9)
1089 1439 1191 1505 forma

57 1534 308 1624 ’Λγλωφώντος
323 1529 536 1599 confirmatur.
553 1565 592 1575 -
608 1531 677 1595 Nec
699 1552 763 1596 non
780 1555 800 1594 α
823 1553 893 1598 oum
916 1537 1061 1615 sequenti
1077 1561 1103 1600 ω
1125 1532 1190 1601 iam

60 1644 143 1700 ante
164 1633 320 1699 Herodoti
349 1633 488 1699 aetatem
511 1627 658 1692 10111010
681 1631 760 1695 Teio
784 1627 850 1714 (13,
875 1628 971 1712 7-8)
995 1641 1191 1701 contractum

61 1738 187 1812 exstat,
221 1731 275 1796 ubi
298 1726 482 1794 Boeckhius
510 1744 581 1789 cum
610 1726 676 1791 levi
704 1727 807 1792 ultimi
836 1728 988 1794 elementi
1016 1733 1191 1798 mutatione

60 1829 269 1912 participium
293 1825 485 1905 0100000010)
508 1825 655 1891 restituit.
683 1909 684 1913 Ἰ
700 1823 778 1889 cum
793 1836 901 1894 autem
916 1830 1013 1912 uulgo
1028 1829 1191 1895 Herodoto

60 1927 169 1992 forma
189 1926 221 1989 in
245 1931 309 1990 έων
333 1924 444 1989 exiens
467 1921 628 2006 participii
641 1922 728 1988 illius
743 1924 901 1991 tribuatur
914 1946 1019 2009 neque
1034 1927 1190 1993 Boeekbii

62 2022 250 2090 emendatio
273 2028 364 2087 extra
387 2039 514 2085 omnem
536 2021 578 2085 sit
599 2019 841 2102 dubitationem,
867 2024 1044 2089 cavendum
1068 2031 1126 2104 est,
1150 2043 1191 2091 00

60 2122 121 2187 001
144 2121 192 2185 1111
214 2119 396 2185 testimonio
419 2117 550 2182 nimiam
573 2117 786 2184 concedamus
808 2122 1037 2187 auctoritatem.

153 2224 181 2283 t.
225 2216 393 2298 Leguntur
419 2215 453 2279 in
481 2215 572 2279 titulo
595 2215 736 2297 Ephesio
763 2213 828 2298 (14,
853 2216 939 2301 29)
970 2219 1090 2285 formae
1118 2239 1193 2301 000-Ι

61 2322 188 2380 tractae
211 2311 354 2398 1001010),
379 2310 520 2395 ἐπάρας,
544 2332 614 2376 cum
637 2313 750 2379 solutis
772 2321 878 2380 utatur
900 2314 1090 2382 Herodotus.

153 2417 181 2476 5.
207 2498 209 2502 ι
227 2410 430 2478 Contractum
454 2408 537 2493 ἱρός,
561 2428 632 2474 cum
646 2410 680 2473 in
696 2410 850 2477 Herodoti
867 2413 1030 2478 codicibus
1044 2415 1190 2496 frequen-

62 2511 202 2589 1100011,
226 2528 320 2591 quam
345 2512 478 2593 vulgare
501 2506 602 2591 ἱερός,
629 2508 671 2572 ab
694 2507 869 2576 editoribus
891 2531 976 2575 0000
998 2512 1115 2593 ubique
1138 2512 1191 2577 vel

60 2608 175 2673 invitis
190 2607 281 2673 libris
296 2610 329 2672 in
346 2615 466 2680 tentum
482 2611 644 2689 receptum
662 2613 710 2671 est
726 2604 879 2689 (Dindorf
891 2608 912 2672 l.
929 2609 950 2671 1.
961 2609 1189 2690 p.XXXVIII.

61 2705 205 2770 Bredow
227 2726 258 2788 p.
277 2702 362 2789 199).
399 2704 427 2769 Α
462 2705 496 2768 10
518 2703 619 2768 1110110
642 2703 759 2770 nostris
781 2705 1023 2772 brevioriorma
1037 2728 1102 2772 non
1115 2715 1191 2774 ante

62 2809 212 2884 quartum
236 2804 398 2867 sacculum
422 2801 564 2865 occurrit.
609 2800 763 2882 Legimus·
788 2804 873 2868 enim
902 2804 936 2868 in
965 2805 1191 2870 vetustioribus

61 2901 178 2980 titulis,
201 2900 256 2964 ubi
279 2899 320 2965 de
342 2900 441 2965 illatis
463 2899 572 2963 formis
595 2898 701 2963 atticis
723 2900 854 2981 cogitari
876 2901 965 2965 nullo
988 2902 1084 2967 modo
1106 2903 1190 2981 iicet,

24 2990 27 2997 ’
60 2999 146 3065 haec
176 2997 326 3062 vocabuli
353 2997 453 3062 nostri
483 2995 647 3077 exempla:
686 2993 778 3078 ἱερόν
807 2997 885 3082 (17),
916 2997 1026 3084 icariis]
1059 3003 1122 3082 (21,
1147 3003 1189 3081 3),

63 3092 141 3178 ἱερά
165 3097 228 3175 (21,
253 3098 314 3167 36).

152 3189 324 3256 Contracta
347 3190 448 3256 forma
469 3194 605 3273 apparet
629 3187 755 3253 demum
777 3190 811 3253 10
834 3191 937 3271 quarti
959 3193 1080 3258 saeculi
1097 3193 1189 3258 titulo

61 3289 202 3355 Thasio:
228 3288 300 3372 ἱρόν
322 3291 385 3369 (22,
410 3285 444 3370 9)
475 3296 507 3353 01
533 3290 591 3370 aa]
616 3283 695 3368 11007
717 3282 782 3366 (22,
809 3284 871 3371 11).
916 3287 982 3354 Sed
1005 3308 1049 3371 00
1073 3290 1106 3354 10
1130 3290 1190 3356 hoc

62 3385 194 3469 quidem
214 3387 285 3468 ipso
309 3385 400 3452 deest
421 3384 524 3450 forma
546 3381 708 3466 primitiva
730 3381 824 3466 ἱερέα
851 3381 916 3467 (22,
941 3384 984 3469 7).

150 3482 190 3547 10
218 3482 484 3566 Amphipolitano
515 3479 580 3563 (25,
618 3477 670 3562 13)
707 3487 902 3546 contractum
930 3489 1054 3547 tantum
1084 3489 1190 3549 exstat

64 3580 149 3666 ἱρόν.
195 3579 332 3660 Solutas,
362 3598 445 3661 0000
466 3579 499 3643 10
521 3576 751 3643 recentioribus
771 3579 871 3644 titulis
894 3576 960 3662 (27,
985 3582 1035 3660 28,
1059 3584 1109 3662 31),
1134 3578 1188 3665 36)

64 3684 243 3756 occurrunt,
266 3676 385 3742 immas
408 3678 527 3757 omitte,
550 3695 621 3741 eum
645 3679 677 3738 et
699 3674 815 3741 atticae
836 3695 907 3741 esse
929 3677 1061 3758 possint.

152 3775 223 3840 Iam
245 3774 408 3838 titulorum
431 3774 631 3856 testimoniis,
655 3793 738 3856 quae
765 3792 862 3856 supra
883 3774 1084 3856 contulimus,
1111 3775 1190 3842 satis

64 3880 113 3942 001
136 3872 400 3950 demonstratum,
425 3890 525 3952 usque
546 3872 589 3938 ad
610 3870 765 3937 Herodoti
786 3875 926 3936 aetatem
949 3869 1045 3936 etiam
1067 3871 1101 3936 in
1124 3871 1189 3937 dia

64 3970 148 4036 lecto
164 3968 271 4033 ionica
292 3969 429 4033 solutam
445 3977 605 4036 servatam
621 3988 693 4035 esse
707 3968 841 4035 formam
861 3965 963 4050 ἱερός,
987 3985 1057 4033 eam
1080 3975 1192 4035 contra

116 4076 248 4122 curtius,
264 4075 362 4116 Studien.
390 4075 415 4118 V.
953 4069 986 4120 20
1014 4092 1026 4117 ο
