2828 4776
140 351 201 412 370
603 354 796 424 Ohalldepulos

140 545 321 610 neugraeea
347 527 461 591 iterum
492 545 531 590 aa
560 526 691 608 saepius
720 529 858 612 repetita
888 536 945 595 est.
992 526 1148 595 Omnibus
1168 535 1248 595 natm

139 644 244 708 neque
266 623 318 688 bie
339 623 516 688 accuratius
538 622 792 692 considerandus
808 634 856 693 est
870 626 1044 708 itacismua
1067 627 1122 709 qui
1139 627 1250 708 dieitur,

140 725 270 806 linguae
291 738 499 803 neegraeeae.
537 719 857 788 Commemorandum
872 730 978 790 autem
994 731 1051 806 est,
1076 726 1111 789 in
1128 725 1252 790 dialeetu

141 820 321 887 neolauriua
342 840 407 884 non
430 817 547 899 ubique
570 823 696 886 veteres
719 822 847 888 vueales
869 829 936 887 vet
952 845 985 886 σι
1000 822 1064 887 ini
1085 819 1254 886 deminutus

142 938 228 998 esse,
259 916 317 983 sed
336 938 360 1001 y
383 917 596 983 obscuriorem
619 917 780 983 interdum
803 926 1027 985 conservatam
1049 938 1132 985 esse.
1177 919 1256 984 Attu-

142 1017 237 1081 limus
266 1035 363 1096 supra
392 1035 423 1097 p.
453 1018 515 1081 368
545 1018 711 1099 exempla,
746 1017 802 1081 ubi
830 1023 922 1083 vetus
953 1042 968 1082 ε
998 1037 1056 1101 pre
1089 1041 1108 1103 η
1140 1026 1257 1082 servata

142 1122 200 1180 est.
244 1114 282 1178 ln
304 1111 354 1192 iis,
380 1132 461 1194 quae
484 1123 667 1195 sequuntur,
699 1115 973 1181 considerabimus
996 1115 1073 1179 tria:
1097 1117 1257 1180 transitum

142 1211 259 1278 veteris
281 1210 403 1274 vocalis
425 1231 444 1272 σ
465 1211 498 1275 in
522 1233 548 1291 e,
573 1234 588 1275 ε
611 1212 644 1276 in
668 1213 686 1284 i,
712 1236 730 1275 o
754 1212 787 1277 in
807 1234 849 1296 y.-

226 1348 257 1414 at
303 1361 321 1402 a
343 1340 469 1405 transiit
490 1341 523 1406 in
546 1362 573 1404 e.

226 1448 418 1536 κράββατσς
440 1471 525 1516 nunu
547 1453 771 1536 pronuntiatur
792 1454 882 1518 velut
904 1451 1040 1524 ίνενάίί,
1064 1450 1213 1535 βάλανος
1232 1462 1258 1518 ut

143 1550 252 1620 velant,
275 1552 439 1630 τέσσαρες
455 1554 489 1612 ut
504 1547 644 1612 te'sseres.
683 1551 836 1616 Similiter
856 1551 964 1615 iouiea
977 1550 1083 1614 ferma
1099 1555 1257 1637 τέσσερες,

24 1726 27 1735 Ι
142 1654 298 1729 τέσσερα.
334 1642 540 1723 Ναύπακτος
556 1653 591 1711 ut
607 1646 781 1731 Νέραχῑσε,
801 1648 962 1732 Naprfios
977 1655 1009 1714 et
1025 1639 1176 1732 Ιίναχίσε.
1211 1649 1258 1713 His

142 1747 177 1812 in
194 1742 349 1825 exemplis
371 1749 506 1833 excepte
528 1750 689 1827 pestremo
711 1746 863 1812 transitus
884 1747 918 1810 in
941 1745 988 1810 eis
1010 1745 1149 1830 syllabis
1172 1746 1213 1828 fit,
1233 1747 1259 1810 iu

145 1844 259 1928 quibus
281 1862 300 1901 a
322 1847 455 1904 accentu
475 1847 572 1906 earet.
611 1842 703 1907 Idem
718 1843 837 1908 fautum
854 1849 902 1909 est
916 1843 1084 1923 inverbis,
1102 1863 1259 1926 quaecum

143 1937 434 2027 praepositionibus
456 1939 490 2002 in
513 1963 534 2001 α
558 1941 747 2007 exeuntibus
769 1941 945 2025 eempesita
967 1948 1050 2020 sunt,
1076 1947 1112 2006 ut
1135 1942 1258 2004 σκοτίω

145 2036 357 2120 (ἀναβαίνειν),
386 2034 537 2099 hetaeriae
568 2042 807 2120 (καταβαίνω),
833 2039 985 2120 ναίεθνίνί
1010 2039 1099 2122 apud
1122 2041 1259 2123 Epirotas

144 2157 201 2222 pro
224 2131 436 2216 παράθνρσν.

229 2233 260 2308 b)
306 2251 324 2291 α
351 2231 479 2295 transiit
507 2230 540 2293 in
575 2252 592 2292 e
627 2231 661 2295 in
690 2232 837 2297 omnibus
866 2233 987 2310 verbis,
1023 2254 1106 2316 quae
1128 2236 1164 2299 in
1185 2233 1257 2297 -άνσ

145 2332 265 2399 exitum
287 2326 422 2393 babent:
454 2328 562 2390 ίανέασ
584 2348 642 2410 pro
664 2326 824 2411 λαμβάνω
850 2335 885 2410 (μ
907 2331 1030 2412 εἱστία),
1054 2333 1193 2395 σταθέντα
1213 2349 1259 2415 pru

145 2428 309 2515 μανθάνω
333 2436 362 2504 (ν
385 2424 510 2502 eiectat,
534 2425 635 2504 ίίχένῑσ
658 2446 716 2508 pro
739 2425 887 2510 τυγχάνω
912 2432 942 2512 (y
959 2429 1083 2510 eiecta),
1108 2431 1223 2493 ίαθίασ
1237 2434 1260 2493 el

146 2531 261 2594 ίαβένσ
283 2547 341 2611 pru
363 2520 534 2603 λανθάνω,
558 2523 669 2586 antino
691 2544 749 2606 pre
772 2519 883 2588 ἄντάω
905 2525 1110 2608 (intercalata
1133 2534 1174 2603 ν).

231 2627 330 2691 Perre
353 2620 518 2685 informis
541 2618 779 2703 verbiyslaw:
813 2623 936 2705 yele‘mi,
967 2625 1070 2707 γείίεί,
1100 2626 1196 2709 γσίέίί
1215 2641 1261 2707 pru

146 2722 319 2810 γελάσμαι,
343 2724 460 2804 -ῶμαι,
490 2727 522 2785 et
545 2720 686 2784 emnium
708 2718 859 2798 alierum,
890 2741 972 2803 quae
1000 2721 1123 2787 exitum
1154 2721 1262 2786 babent

146 2821 180 2885 iu
202 2818 278 2884 -σίω,
322 2820 382 2886 Ηίσ
404 2825 553 2884 autentus
577 2816 737 2901 syllabam
759 2815 914 2900 predueit.

233 2946 260 3019 e)
305 2943 376 3007 ain
399 2943 598 3007 tattenuata
620 2946 668 3004 est
690 2938 739 3003 in:

232 3039 324 3102 Ιείναό
339 3060 397 3122 pre
412 3037 534 3123 κεράω,
558 3034 749 3121 κεράννυμι,
773 3035 812 3100 ei.
828 3042 974 3123 κίρνημι,
999 3035 1138 3120 κιρνάω,
1162 3037 1261 3100 Iliadae

147 3160 205 3222 pre
221 3136 327 3203 κενόω
350 3143 410 3202 cet.
448 3136 604 3202 Similiter
625 3134 659 3197 in
682 3132 785 3198 lutura
807 3132 923 3205 Ιανάεσ,
947 3133 1064 3198 lantso.
1104 3138 1144 3202 In
1159 3137 1262 3202 aeristu

148 3244 254 3302 autem
277 3235 407 3297 σίεόνσσσ
429 3241 462 3299 et
483 3232 612 3309 Ιείναεσ,
643 3229 776 3292 είεέκσεσ
804 3237 836 3295 et
864 3231 995 3309 ίεένσεα,
1026 3234 1082 3297 ubi
1110 3256 1127 3296 e
1149 3240 1263 3300 servata

148 3333 274 3399 videtur
296 3338 467 3416 prepterea
489 3328 573 3413 quod
596 3333 763 3392 aeeentum
784 3328 893 3393 babet.
937 3329 1036 3394 Perre
1062 3329 1190 3413 pirdz'la'
1218 3347 1263 3413 pru

148 3429 326 3513 περδίκιον
344 3428 575 3494 deminutivum
590 3424 738 3490 venabuli
754 3424 877 3507 πέρδιξ
899 3431 1020 3505 (tamen
1031 3427 1192 3511 pe‘rdilral,
1215 3425 1264 3510 tytii

149 3547 207 3610 pro
231 3525 328 3608 ἑπτά,
352 3526 427 3588 dida
444 3546 502 3608 pre
521 3520 616 3599 θεός.
661 3520 750 3586 Idem
774 3521 807 3587 fit
829 3523 863 3586 in
885 3524 1033 3589 amnibus
1055 3524 1264 3602 substantivis,

79 3635 81 3639 ‘
150 3643 231 3705 quae
247 3624 366 3689 exitum
382 3623 504 3687 babent
518 3623 553 3688 iu
575 3645 648 3688 -εαε
671 3621 758 3684 milia
777 3641 835 3704 pre
851 3620 968 3705 μηλέα,
991 3620 1072 3682 alcis
1088 3643 1147 3706 pre
1165 3625 1264 3700 συκέα,

150 3721 209 3804 itja
231 3742 289 3805 pro
314 3719 396 3799 ἰτέα,
422 3717 503 3806 ίτέη,
529 3717 614 3807 ἷτείη
639 3727 699 3785 eet.
856 3725 859 3730 ’

198 3849 200 3853 ’
236 3843 269 3916 dt
315 3867 332 3907 ο
362 3839 450 3926 apud
480 3843 598 3908 Laeros
627 3842 661 3906 in
686 3863 710 3925 y
742 3844 795 3923 lv),
825 3839 913 3924 apud
935 3847 1058 3907 ueteres
1082 3841 1222 3909 Graecos
1240 3840 1266 3903 in

150 3959 171 4000 α
193 3946 360 4006 attenuata
382 3947 444 4006 est:
531 3967 535 3977 ·
