2828 4776
149 334 211 399 308
662 345 765 400 Erman

148 512 326 598 ἐργάσατο,
350 536 415 581 non
438 513 617 598 εἰργάσατο
640 516 814 600 legendum
838 526 902 600 est,
927 538 1024 601 quarn
1046 519 1177 585 formam
1196 541 1254 604 aug·

148 620 256 679 mento
279 620 441 680 carentem
464 634 535 680 esse
557 614 774 681 Herodoteam
796 615 859 680 iam
882 616 1018 701 Lhardy
1039 617 1132 684 vidit.

409 891 427 961 ξ
451 891 500 953 23.
547 887 604 951 DE
627 885 1022 953 REDUPLIOATIONE.

233 1035 509 1120 Reduplicationis
537 1039 689 1122 exempla
717 1041 751 1104 in
781 1038 882 1105 titulis
904 1040 1007 1106 habes
1036 1041 1135 1106 haec:
1163 1046 1257 1126 γέγρα·

146 1158 230 1199 πται
252 1139 314 1216 (13,
340 1140 380 1202 36
404 1144 435 1202 et
458 1140 509 1219 21,
533 1141 597 1218 44),
627 1139 855 1223 [π]επρῆσθαι
884 1134 950 1221 (21,
977 1139 1047 1221 39),
1078 1137 1257 1224 nemphidio

147 1230 212 1315 (21,
236 1231 302 1317 35),
326 1230 504 1299 ἒκὸέόοται
528 1231 594 1317 (22,
618 1238 660 1316 2),
688 1230 992 1321 [ἀναι]ραιρημένος
1016 1233 1084 1320 (22,
1108 1235 1152 1321 3),
1181 1233 1257 1301 ἄναι-

146 1336 332 1417 ρερημένου
357 1335 420 1412 (22,
444 1335 486 1413 5),
510 1328 774 1419 ἄναιρερημένον
798 1335 862 1413 (22,
888 1337 902 1396 1
927 1335 948 1410 ).

232 1431 281 1495 Dc
304 1429 365 1494 hac
387 1429 480 1495 verbi
502 1427 607 1512 αἱρέω
629 1430 885 1514 reduplicatione
912 1430 977 1494 iam
1007 1429 1159 1497 disseruit
1179 1430 1258 1512 Berg-

145 1547 299 1607 mannus,
338 1527 391 1608 qui
420 1527 575 1592 Thasiam
603 1527 843 1610 inscriptionem
872 1527 951 1610 (22)
980 1527 1084 1593 edidit
1121 1525 1259 1612 (Hermes

144 1625 437 1708 ffipmmh

231 1723 372 1788 Verbum
396 1721 511 1802 αἱρέω,
535 1721 622 1803 quod
644 1721 732 1805 apud
755 1722 877 1789 Atticos
898 1722 1156 1805 reduplicatione
1178 1730 1259 1801 caret,
1297 1768 1300 1793 ι

143 1821 178 1885 in
193 1821 369 1887 recentiore
386 1819 525 1885 dialecto
540 1820 645 1886 ionica
661 1840 732 1886 eam
749 1819 1046 1902 reduplicationem,
1067 1840 1162 1902 quam
1177 1820 1260 1902 vulgo
1297 1824 1300 1901 l

144 1918 274 1984 atticam
297 1937 465 1999 vocamus,
495 1916 632 2000 habere,
660 1919 725 1983 iam
748 1916 903 1983 Herodoti
924 1916 1052 1984 codices
1078 1938 1139 1983 uos
1162 1917 1259 1982 docue

144 2022 228 2097 runt,
259 2017 312 2097 qui
335 2015 523 2098 plerumque
545 2015 680 2081 formam
703 2011 870 2100 ἀραίρηκα
893 2016 1103 2098 praebebant.
1149 2014 1217 2094 Qua
1234 2016 1258 2078 in

143 2115 335 2180 formatione
357 2113 462 2197 prima
483 2113 613 2196 syllaba
633 2113 667 2177 in
691 2106 733 2194 ἄρ
757 2119 905 2195 correpta
926 2113 1021 2197 stirpi
1042 2111 1187 2196 praefixa
1212 2119 1257 2177 est

143 2213 270 2278 Titulus
294 2218 402 2276 autem
422 2211 563 2276 Thasius
591 2210 672 2275 duas
699 2209 833 2292 praebet
858 2209 993 2291 formas,
1023 2229 1107 2292 quas
1135 2213 1257 2294 priorem

143 2312 252 2394 stirpis
274 2309 435 2393 syllabam
458 2308 589 2391 plenam
612 2331 669 2391 αιρ
692 2306 881 2391 praefigunt,
905 2327 988 2388 quae
1009 2307 1098 2373 baud
1120 2309 1215 2374 dubie
1231 2309 1257 2371 in

142 2409 238 2474 tertia
260 2426 386 2488 quoque
399 2406 503 2471 forma
517 2405 666 2470 mutilata
686 2404 887 2471 restituenda
902 2412 959 2470 est.
1004 2403 1146 2470 Verbum
1169 2405 1256 2488 cipio

141 2504 177 2570 in
198 2505 351 2570 universa
371 2504 483 2585 lingua
504 2522 622 2585 macca
643 2505 764 2584 solnm,
799 2518 992 2585 quamquam
1020 2523 1041 2566 a
1070 2501 1257 2587 diphthongo

142 2603 264 2684 incipit,
291 2602 421 2665 atticam
443 2601 542 2666 habet
563 2599 860 2684 reduplicationem.

228 2699 302 2763 Non
319 2696 557 2780 neglegendum
572 2705 633 2780 est,
656 2696 742 2780 qnod
756 2698 790 2761 in
805 2696 932 2761 duabus
946 2696 1030 2761 tituli
1046 2697 1148 2761 nostri
1164 2696 1257 2762 formis

143 2796 276 2879 integris
306 2795 392 2877 prior
421 2795 530 2878 stirpis
552 2795 681 2879 syllaba
711 2795 745 2859 in
769 2819 806 2878 ερ
831 2801 954 2859 mutata
976 2801 1041 2875 est,
1073 2814 1139 2876 qua
1160 2794 1256 2858 immu-

142 2894 264 2959 tatione
286 2892 531 2958 verisimilitudo
554 2893 780 2958 cohaerentiae
803 2891 976 2957 formarum
1004 2890 1110 2977 cipio
1145 2891 1256 2969 (αἱλέω)

142 2999 174 3058 et
196 2989 286 3057 siloc
309 2988 483 3054 admodum
506 2997 640 3072 augetur
663 2988 717 3074 (ci.
735 2990 773 3056 G.
790 2988 926 3070 Curtius,
949 2987 1146 3071 Grundzdge
1168 2989 1215 3055 ed.
1233 2990 1254 3056 3,

142 3111 172 3172 n·
198 3087 283 3173 5⁰9l·
942 3173 944 3176 ,

389 3267 481 3340 sar.
526 3263 584 3329 on
606 3219 1022 3332 rasurunmorunus.
1067 3248 1070 3253 ’

226 3424 277 3488 De
305 3424 583 3490 terminationibus
619 3445 685 3490 una
713 3431 837 3490 tantum
865 3421 1059 3506 proferenda
1089 3431 1138 3489 est
1167 3425 1257 3490 obser·

139 3522 237 3587 vatio.
282 3521 466 3588 Dindorfius
489 3523 525 3606 (l.
540 3523 564 3586 l.
579 3543 610 3606 p.
626 3521 753 3606 ΧΧΙΧ)
777 3529 885 3604 negat,
907 3519 1108 3586 Herodotum
1130 3536 1257 3603 unquam

140 3640 230 3686 usum
255 3639 326 3685 esse
348 3620 484 3702 optativi
505 3619 607 3685 forma
635 3644 720 3707 οιην,
750 3620 843 3684 cuius
871 3638 962 3684 usum
985 3618 1175 3701 Hippocrati
1197 3638 1257 3685 con·

140 3717 235 3782 cedit.
273 3717 337 3781 Vix
359 3722 445 3781 recte
461 3717 495 3782 in
511 3716 630 3782 talibus
645 3718 740 3783 rebus
756 3716 964 3800 scriptoribus
985 3715 1053 3781 illis
1068 3725 1256 3783 consmnton

57 3874 59 3878 .
139 3814 250 3878 tribuit
278 3815 451 3894 rationem,
490 3833 560 3878 eum
589 3816 643 3880 vel
671 3806 782 3880 auctor
810 3814 895 3878 tituli
919 3813 991 3877 Teii
1021 3809 1105 3897 (13)
1135 3821 1256 3896 utraque

140 3911 275 3992 optativi
290 3911 480 3977 formatione
495 3919 616 3977 utatur:
640 3923 739 3978 ποιοῖ
755 3910 820 3994 (13,
838 3910 912 3995 43),
929 3907 1105 3996 ἀνωθεοίη
1123 3909 1187 3996 (13,
1201 3905 1255 3993 51).
