2828 4776
225 434 226 439 η
254 363 317 424 362
726 363 928 432 Chalkiopnlos.

252 539 414 619 vocalem3
442 543 544 620 posto
565 541 672 601 autem
688 534 775 600 haud
790 555 909 618 pauca:
931 533 1014 597 stoli
1033 552 1092 616 pro
1116 530 1217 616 σχολή
1240 538 1354 598 retracto
1406 538 1408 583 ἓ

253 641 395 717 accentu,
418 633 509 697 ιλνίο
526 654 584 718 pro
600 632 710 715 σχίζω,
733 632 818 696 strici
828 654 886 717 pro
903 642 1046 711 σχοῖνος,
1069 627 1167 692 storo
1183 649 1240 711 pro
1256 627 1356 710 σχάζο,

252 732 362 816 akaije
384 753 441 817 pro
465 730 616 812 σχέδιον,
644 730 745 794 alcima
767 750 825 814 pro
849 735 960 814 σχῆμα
982 734 1059 808 cet.;
1090 726 1126 790 in
1147 726 1263 793 mediis
1283 748 1359 794 voca-

253 831 337 896 bulis
364 836 437 914 post
467 828 646 894 fricativam
670 850 687 890 ο
710 828 762 894 vel
781 827 816 910 f:
854 827 926 911 esti
954 847 1012 911 pro
1043 818 1133 907 εὐχή,
1168 823 1290 906 ι’]λονιο
1316 846 1361 908 pro

254 925 402 1010 εὔχομαι,
425 924 541 1005 estatio
556 947 613 1010 pro
630 921 818 1010 εὖχέλσιον;
841 933 914 1010 post
935 948 954 988 ν
974 925 1009 989 in
1030 921 1139 988 verbis
1162 920 1303 986 artenao
1317 945 1362 1008 pro

253 1021 421 1112 ἀρχινήσω
446 1021 625 1108 (ἄρξομαι),
655 1022 806 1108 oportatis
833 1044 891 1108 pro
915 1019 1002 1088 ὅπου
1025 1019 1177 1104 ἔρχεται,
1207 1029 1240 1086 ct
1266 1021 1299 1087 in
1325 1044 1364 1084 ur-

252 1122 369 1192 luuter,
402 1121 582 1185 arlontola·
601 1143 659 1205 pro
682 1117 849 1205 άρχοντες,
874 1115 1155 1207 άρχονσολάγι(ον)
1179 1121 1321 1199 (Passov.
1340 1140 1364 1202 p.

251 1239 347 1285 carm.
369 1239 417 1302 gr.
440 1221 511 1283 299.
534 1243 562 1301 τ,
586 1224 650 1295 51).
860 1297 864 1304 ¹

337 1318 370 1394 b)
414 1342 441 1380 rr
463 1337 520 1400 pro
544 1339 587 1402 φτ
617 1313 817 1402 ἀσφάραγος
839 1315 967 1379 auditur
989 1314 1085 1381 hodie
1106 1320 1198 1384 velut
1217 1307 1363 1402 νγανάογί,

252 1416 399 1501 ῥαφανίς
420 1414 510 1480 velut
530 1413 721 1498 νογάνιλονν),
752 1410 899 1500 φάλαγξ,
931 1411 1117 1498 φαλάγγιον
1144 1416 1236 1482 velut
1257 1415 1365 1499 φολλο-

250 1509 352 1596 pico)
378 1531 449 1576 cum
470 1532 486 1572 s
507 1511 695 1594 prothetica.

337 1611 365 1685 c)
403 1632 422 1671 c
442 1628 501 1692 pro
524 1612 552 1672 θ
574 1615 606 1673 et
628 1631 669 1674 σν
683 1629 741 1692 pro
758 1612 824 1672 σθε
861 1608 925 1669 ι’νλο
946 1627 1004 1690 pro
1028 1598 1144 1692 ἦλθον,
1169 1610 1255 1691 aptes
1277 1614 1308 1676 et
1324 1608 1367 1689 χιό

250 1727 309 1792 pro
330 1709 432 1787 χθές,
457 1703 569 1786 ἐχθές.
614 1702 762 1792 scapua
789 1704 1014 1788 pronuntiatur
1042 1714 1077 1771 ut
1106 1709 1241 1792 φοινόν,
1276 1710 1366 1792 ὄχλοιο

252 1812 284 1871 et
304 1803 434 1888 perfect.
458 1802 566 1884 e'stclru
594 1825 652 1888 pro
675 1803 828 1889 ἔφθασα,
858 1799 1009 1887 ἔφθασα.
1053 1809 1173 1885 σχῖνόν,
1205 1809 1297 1888 extra
1318 1828 1367 1891 pro

251 1899 389 1985 ἐχθρός,
413 1898 532 1985 ἔχθρα.
568 1901 675 1964 ariao
699 1908 730 1967 et
751 1899 824 1963 outo
846 1919 904 1982 pro
922 1900 1056 1981 βοθλζω
1079 1912 1138 1970 cet.
1177 1905 1283 1984 (Ocni.
1297 1907 1367 1971 Fau·

249 1999 309 2065 riel
331 2020 362 2082 p.
380 2019 406 2064 c.
428 2002 487 2080 gr.)
509 1998 625 2060 erra'lctc‘
643 2019 702 2082 pro
717 1995 882 2083 ἓρρίφθιγ.
919 1998 1091 2066 Passovius
1114 2003 1179 2066 c'rte
1196 2025 1258 2087 pro
1280 1994 1365 2090 ἦλθε,

251 2096 420 2178 ιχολοεάνά
438 2117 497 2179 pro
520 2093 693 2183 ἐχολώθη,
725 2096 812 2157 ortos
840 2114 897 2178 pro
921 2091 1029 2178 ὀρθός
1050 2098 1152 2165 affert.
1200 2101 1365 2168 Chasiotis:

251 2193 327 2275 estet
346 2214 404 2279 pro
420 2190 535 2274 εὐθύς,
556 2194 677 2256 aurcos
690 2213 748 2277 pro
764 2188 913 2276 ὃλόρθος
929 2222 969 2240 =
985 2189 1071 2272 ὅλως
1087 2191 1221 2281 ὄρθιος.
1254 2198 1365 2266 ulau

250 2292 353 2356 Kind:
377 2293 440 2353 irta
455 2310 513 2375 pro
528 2279 646 2376 ἦλθον,
663 2291 818 2376 ἀλλαχθῇ
834 2289 940 2370 alapa,
964 2291 1044 2374 γιγλι·
1058 2314 1115 2377 pro
1130 2298 1255 2382 γεοθῇ,
1272 2299 1364 2381 Iapeto

250 2409 307 2473 pro
329 2386 500 2455 λάπαθον.
522 2387 651 2470 μισθός
673 2389 771 2456 hodie
785 2386 1011 2475 pronuntiatur
1031 2397 1067 2455 ut
1082 2393 1200 2476 σοι’ντόσ,
1224 2391 1349 2480 &auset

249 2493 284 2552 ut
306 2486 429 2558 astartis,
447 2486 584 2570 pristinos
605 2508 662 2571 pro
686 2483 862 2572 ὀνσίσθιος,
885 2494 1024 2552 νλάνιοοιο
1044 2511 1102 2574 pro
1126 2489 1346 2575 αἰσθάνομαι.

336 2583 454 2650 Contra
481 2591 573 2651 vetus
601 2589 628 2649 θ
665 2587 698 2651 in
726 2585 831 2649 λάθοι
859 2607 918 2671 pro
947 2585 1096 2654 ἐκάθισα
1125 2589 1215 2672 apud
1248 2591 1365 2670 Locros,

249 2682 368 2765 quippe
390 2680 444 2763 qui
458 2681 636 2748 fricativam
659 2691 735 2773 ante
752 2684 937 2750 sibilantem
953 2686 1099 2767 tolerent,
1122 2693 1284 2770 servatur,
1306 2707 1365 2754 cnm

249 2781 363 2864 reliqui
387 2780 502 2848 Graeci
524 2780 592 2846 eius
614 2781 685 2847 loco
707 2789 836 2847 tenuem
857 2781 1015 2848 habeant:
1059 2783 1165 2860 λάινα,
1188 2783 1290 2850 turso.

232 2885 233 2888 ’
336 2879 509 2962 Exempla,
540 2898 621 2960 quae
643 2879 704 2944 hac
726 2879 929 2962 paragrapho
951 2881 1164 2964 continentur,
1194 2903 1263 2947 non
1285 2881 1366 2966 parri

249 2976 402 3042 momenti
430 2983 512 3057 sunt,
546 2984 717 3060 propterea
744 2977 950 3059 quodetiam
980 2997 1021 3043 ex
1042 2980 1092 3045 his
1113 2979 1148 3044 id
1156 3026 1165 3059 ,
1196 2979 1285 3061 qnod
1312 2980 1365 3046 iam

248 3075 322 3140 aliis
343 3073 538 3156 argumentis
566 3073 784 3140 confirmatum
807 3080 871 3158 est,
902 3075 1010 3158 colligi
1031 3077 1122 3158 licet,
1151 3080 1316 3164 aspiratae
1337 3081 1364 3143 in

248 3173 359 3256 lingna
380 3191 497 3255 graeca
519 3171 693 3254 aliqnando
716 3192 830 3239 revera
851 3173 939 3238 sonis
962 3174 1134 3258 explosivis
1168 3197 1242 3243 cum
1265 3179 1365 3263 spiritu

248 3270 267 3332 l
298 3269 473 3354 coniunctis
506 3271 695 3335 constitisse.
741 3271 811 3336 Hae
838 3271 934 3352 igitur
962 3273 1149 3360 explosivae
1178 3275 1364 3359 spiritual

247 3367 329 3433 iecto
350 3367 383 3432 in
406 3369 453 3434 eis
474 3387 558 3450 quae
579 3367 670 3432 attuli
693 3367 850 3450 exemplis
871 3368 1017 3451 integrae
1038 3381 1274 3439 remanserunt.
1309 3373 1364 3438 un·-

248 3465 374 3529 cativae
403 3465 486 3530 enim
516 3465 550 3530 in
579 3464 763 3548 explosivas
791 3465 928 3532 transire
955 3486 1021 3530 non
1048 3471 1210 3548 poterant.
1257 3469 1364 3535 Conce-

249 3560 389 3627 dendum
417 3582 493 3628 vero
524 3569 587 3644 est,
625 3581 748 3643 causas,
786 3582 841 3627 our
870 3563 1024 3647 aspiratio
1056 3563 1107 3630 his
1143 3565 1179 3630 in
1209 3565 1365 3633 vocabulis

248 3659 422 3735 evanuerit,
444 3659 564 3742 ubique
584 3658 732 3742 intellegi
754 3681 819 3725 non
840 3680 945 3745 posse.
991 3659 1060 3724 Hoc
1081 3665 1194 3727 tamen
1209 3664 1364 3748 respicias,

248 3777 343 3823 sonos
366 3757 549 3840 explosivos
571 3756 600 3830 l,
624 3766 645 3839 t,
664 3778 699 3841 γ,
722 3756 777 3821 ubi
802 3759 835 3822 in
859 3765 1002 3823 veterum
1024 3757 1241 3841 aspiratarum
1271 3763 1364 3827 locum

248 3854 474 3941 successerint,
503 3857 691 3938 plerumque
718 3855 808 3920 iuxta
836 3854 999 3920 fricativas
1022 3877 1048 3931 ο,
1070 3877 1086 3916 s
1109 3861 1142 3922 et
1169 3856 1325 3940 liquidam
1349 3876 1364 3918 r

248 3951 368 4035 positos
384 3970 464 4020 esse.
501 3953 619 4034 Quare,
641 3971 683 4017 ne
699 3952 782 4017 tales
797 3952 976 4020 litteramm
990 3953 1245 4040 coniunctiones,
1263 3957 1363 4041 quales
