2828 4776
502 1341 689 1422 CAPUT
711 1341 743 1421 Ι.

121 1544 421 1612 nnnmnflnsr
444 1541 618 1609 estnon
641 1543 688 1609 m
711 1543 968 1613 norviensem
989 1544 1165 1614 terdon

585 1699 604 1775 s
630 1700 657 1760 1.

145 1831 1188 1916 Transmutationemlitterarum—quamvulgometathesim
1308 1824 1312 1831 ’

121 1932 206 2006 ant¹l
231 1967 269 1978 -
293 1928 464 2011 aliquoties
486 1929 519 1993 in
541 1927 665 2011 graeois
688 1928 855 1995 voeabulis
877 1929 997 1997 laetam
1025 1950 1097 1997 esse
1124 1931 1190 2011 iam

121 2023 183 2109 iqui
211 2025 409 2110 grammatici
433 2026 652 2091 observarunt.
695 2023 788 2102 Quae
811 2045 852 2092 ex
874 2026 922 2092 eis
944 2028 1006 2093 huo
1028 2028 1191 2110 pertinent

121 2124 307 2204 gentissime
339 2143 377 2188 oo
410 2121 593 2187 deotissime
624 2121 858 2188 Lobeokius
893 2122 927 2188 in
964 2123 1190 2193 dissertatione

149 2221 201 2287 ‘de
231 2220 408 2288 metathesi
438 2221 470 2284 in
500 2219 603 2285 Elem.
626 2217 751 2284 Pathol.
774 2220 790 2283 I
812 2240 842 2304 p.
867 2221 929 2285 489
951 2240 1019 2304 sqq.
1049 2223 1189 2305 collegit,

127 2326 162 2384 ut
183 2319 277 2385 nobis
299 2317 436 2384 eandem
457 2335 525 2383 rem
547 2315 729 2381 traotaturis
751 2316 793 2382 ab
816 2317 877 2384 hae,
900 2325 991 2401 parte
1008 2339 1074 2385 non
1089 2321 1191 2386 multa

121 2411 215 2481 lenda
236 2414 440 2497 reliquerit2).
482 2413 535 2479 Ad
556 2413 682 2479 illorum
706 2419 814 2479 autem
837 2414 878 2481 de
899 2415 961 2482 hao
983 2435 1018 2482 re
1039 2416 1191 2483 iudieium

121 2513 320 2582 noscendum
355 2511 507 2577 notabilis
543 2518 592 2578 est
620 2510 786 2595 Apollonii
821 2512 910 2578 loeus
952 2513 986 2578 in
1028 2514 1191 2597 prooemio
1309 2571 1310 2577 ,

123 2611 208 2677 taxis
232 2631 258 2676 o.
281 2609 324 2692 ΙΙ,
349 2613 384 2691 8,
418 2627 512 2690 quem
541 2606 723 2675 Lobeokius
755 2607 789 2673 in
822 2608 925 2676 tronto
958 2608 1193 2677 dissertationis

121 2710 185 2774 uit:
210 2719 361 2789 στοιχεῖα
376 2701 620 2791 ὑπερτίθενται
643 2703 741 2794 ἡνίκα
758 2699 777 2790 ἦ
795 2705 919 2790 καρδία
941 2706 1075 2791 κραδία,
1098 2706 1193 2792 παρὰ

122 2811 242 2872 σκέπον
265 2804 304 2869 τὸ
328 2810 455 2881 σκέπας
478 2803 535 2867 καὶ
558 2807 701 2880 πίσκος·
725 2798 808 2866 ἀλλὰ
825 2804 881 2868 καὶ
898 2803 1070 2888 συλλαβαί,
1093 2808 1193 2893 ἡνίκα

121 2899 289 2990 ἐξαπίνης
312 2901 485 2989 ἐξαίφνης,
507 2898 546 2964 τὸ
570 2895 697 2984 ὄρωρεν
721 2896 864 2986 ὤρορεν·
892 2897 975 2966 ἀλλὰ
997 2904 1052 2968 καὶ
1074 2903 1209 2982 λέξεις·

144 2999 163 3085 ἡ
190 2998 374 3087 οἰνοφόρος
396 3005 437 3085 γῆ
468 3002 646 3083 φερέοινος
674 2995 822 3080 λέγεται,
857 2996 890 3062 οἱ
924 2998 960 3063 δὲ
993 2994 1193 3083 ἀνδρόγυνοι

121 3098 260 3182 ανδροι’
293 3093 376 3162 ἀλλὰ
400 3096 457 3161 καὶ
478 3093 573 3178 λόγοι
592 3089 666 3172 (τὰς
687 3095 748 3176 μὲν
771 3091 837 3178 ἄρα
860 3100 1026 3179 θρέψασα
1047 3095 1193 3162 τεκοῦσά

133 3245 174 3260 ..
210 3195 272 3269 (oui
309 3196 381 3259 looo
418 3194 564 3259 conteras
602 3192 739 3258 similem
775 3194 879 3257 looum
913 3213 933 3257 a
962 3192 1041 3257 Lob.
1071 3193 1094 3257 l.
1124 3193 1145 3257 l.
1176 3213 1194 3258 e

121 3294 204 3357 rimo
221 3291 368 3358 Planude
389 3291 546 3366 allatum).
584 3288 668 3353 Hino
689 3289 773 3355 enim
796 3289 995 3372 perspioitnr,
1018 3308 1113 3371 quam
1129 3309 1193 3354 non
1310 3313 1314 3324 ·

135 3509 155 3573 ¹)
173 3507 236 3561 Alia
253 3510 317 3561 sunt
334 3503 444 3560 nomina
468 3501 621 3560 ἀντίθεσις,
648 3496 837 3570 ἀναστροφή,
857 3497 1059 3570 ὑπερβιβασμός
1078 3508 1139 3567 cet,
1158 3503 1193 3558 ef,

123 3623 130 3635 .
151 3603 178 3656 p.
189 3591 248 3641 490.
276 3585 318 3638 De
335 3582 508 3652 ὑπερθέσεως
525 3583 636 3637 notione
653 3599 678 3636 v.
695 3580 767 3636 infra
786 3582 805 3651 ξ
820 3584 835 3634 2
853 3585 920 3635 extr.
949 3580 1194 3639 Transmutationis

121 3681 164 3720 en
181 3666 280 3734 legitur
299 3681 321 3719 e.
340 3681 364 3733 g.
384 3663 495 3733 Quintil.
514 3663 535 3727 Ι,
555 3668 579 3728 5,
600 3666 640 3716 12.

137 3747 159 3810 ²)
177 3746 251 3813 Quae
269 3761 318 3814 ego
344 3759 414 3801 nova
432 3760 446 3799 a
463 3743 661 3812 grammaticis,
687 3742 822 3813 Hesychio
841 3741 1024 3812 potissimum,
1050 3742 1194 3811 hauserim,

121 3843 126 3873 r
146 3825 176 3880 in
192 3825 304 3895 singulis
322 3842 377 3881 non
400 3823 549 3903 notandum
573 3823 710 3888 duxerim,
728 3821 860 3878 Lobeckii
884 3821 1073 3878 dissertatione
1098 3824 1196 3879 collata

121 3905 256 3974 *pietatum
