2828 4776
499 372 541 429 De
559 373 655 429 aoristi
671 372 749 428 latini
766 372 896 443 reliquiis.
1203 370 1265 433 435

137 555 284 632 tempore
308 545 435 612 dieitur:
461 545 499 627 ,si
521 543 600 610 mihi
622 543 706 610 filius
726 545 860 627 qarr‘tur'
884 542 961 623 (Cio.
985 543 1026 611 de
1049 542 1136 611 Orat.
1160 545 1193 609 II
1216 548 1267 628 32,

140 651 213 722 141,
237 644 278 711 de
299 644 427 709 Invent.
449 642 550 724 1142,
570 644 680 718 12222
704 678 746 688 -
767 642 941 708 Praeterea
962 648 997 707 ut
1018 642 1106 725 apud
1129 640 1270 710 Graecos

137 743 228 809 hand
250 762 354 826 pauoa
375 741 476 806 verba
490 739 705 819 inveniuntur,
728 740 763 804 in
787 739 901 821 quibus
923 738 1014 805 varia
1036 746 1181 822 tempora
1203 761 1269 806 non

138 861 156 907 e
180 840 333 925 stirpibus
355 838 569 903 litterularum
592 835 790 919 quarundam
814 836 940 903 deieotu
968 836 1022 902 vel
1047 834 1269 904 additamento

138 941 223 1006 inter
244 959 279 1005 se
301 935 468 1016 disunotis,
492 934 551 1001 sed
573 932 769 1001 eradioibns
783 954 913 1018 prorsus
932 932 1068 999 diversis
1090 942 1270 1018 propagata

138 1045 222 1120 sunt,
239 1038 285 1101 ita
299 1033 387 1118 apud
402 1034 566 1099 Romanos
581 1030 741 1115 quaedam
757 1038 844 1098 uerte
858 1031 959 1098 verba
974 1035 1112 1113 exstant,
1136 1052 1269 1113 quornm

139 1142 287 1218 tempora
314 1152 381 1197 non
403 1151 442 1197 ex
466 1150 529 1196 uno
552 1127 729 1211 eodemque
752 1128 842 1195 fonte
864 1134 1045 1194 manarunt.
1089 1128 1128 1193 In
1152 1129 1269 1211 quibus

137 1239 269 1317 praeter
298 1236 405 1296 oetera
432 1228 650 1308 forastrum
678 1225 822 1292 notanda
849 1232 933 1293 sunt.
977 1225 1051 1290 Non
1081 1227 1167 1292 enim
1194 1248 1270 1296 nasu

137 1330 260 1396 fautum
282 1347 354 1394 esse
376 1326 574 1409 putabimus,
605 1331 639 1389 ut
660 1324 694 1389 in
716 1330 851 1405 utraque
872 1322 984 1405 lingua
1013 1342 1054 1388 ex
1080 1342 1120 1390 ea
1148 1324 1268 1409 radiae,

138 1446 223 1511 quae
245 1424 410 1510 praesenti
420 1422 504 1506 sero
526 1422 654 1502 subest,
683 1420 862 1505 praesentis
891 1426 1014 1485 tantum
1040 1428 1072 1486 et
1094 1441 1176 1504 qnae
1198 1443 1270 1489 oum

138 1526 202 1593 hoo
224 1521 385 1589 artissime
413 1519 588 1586 cohaerent
615 1519 737 1585 formae
760 1518 913 1600 originem
945 1517 1108 1585 ducerent.
1152 1521 1191 1585 In
1219 1521 1270 1588 his

139 1620 228 1706 apud
243 1622 406 1685 Romanos
423 1617 521 1684 etiam
535 1617 675 1682 futurum
690 1623 749 1692 est,
773 1615 859 1699 quod
881 1635 953 1681 enm
975 1615 1009 1680 in
1025 1615 1085 1682 hoo
1099 1618 1269 1684 verborum

139 1737 261 1804 genere
282 1716 425 1800 optativo
440 1715 620 1798 praesentis
635 1714 789 1797 temporis
803 1712 1007 1796 respondeat,
1031 1731 1073 1779 ex
1094 1717 1159 1782 alio
1182 1717 1270 1785 fonte
1285 1730 1321 1780 vr

142 1815 281 1883 derivari
309 1834 374 1878 non
403 1818 519 1897 potest.
569 1811 677 1891 Quare
704 1818 739 1876 ut
750 1810 833 1894 sero
861 1821 893 1878 et
920 1819 1032 1901 φέρω,
1059 1812 1211 1896 seramus
1239 1823 1271 1881 et

145 1918 310 2001 φέρωμεν,
341 1911 387 1977 sio
400 1909 550 1993 seramus
571 1916 604 1975 et
625 1913 788 1996 φέρωμεν
811 1909 894 1976 inter
916 1930 951 1977 se
973 1920 1160 1995 congruunt.
1205 1912 1270 1979 Sed

143 2030 204 2078 neo
224 2009 341 2078 Graeci
369 2013 524 2095 πέφορα,
553 2026 613 2074 neo
634 2006 742 2072 Latini
753 2005 879 2090 soseri,
908 2010 961 2074 vel
972 2008 1056 2092 sen}
1089 2010 1143 2075 vel
1166 2008 1272 2076 simile

144 2108 238 2193 quid,
270 2126 412 2189 unquam
441 2104 610 2173 finxerunt.
655 2106 757 2169 Immo
786 2124 827 2170 ne
859 2105 933 2170 huie
961 2106 1059 2171 verbo
1095 2106 1270 2190 perfeetum

140 2205 285 2286 deesset,
315 2204 442 2287 utrique
471 2203 580 2271 radiae
608 2203 658 2268 usi
686 2208 760 2268 sunt
787 2222 917 2285 prorsus
945 2204 1019 2268 alia.
1064 2204 1180 2271 Graeoi
1202 2225 1272 2288 per·

137 2306 259 2372 leolum
282 2309 315 2369 et
335 2303 488 2367 aoristum
511 2319 553 2366 ex
575 2319 614 2366 ea
635 2299 813 2364 formarunt
841 2300 940 2384 stirpe
968 2321 1051 2384 quae
1079 2309 1128 2369 est
1158 2300 1272 2386 braya,

139 2405 361 2469 Romanorum
383 2399 533 2470 te-tul-i,
565 2398 615 2463 eui
637 2397 814 2481 posteriore
836 2405 980 2481 tempora
1013 2400 1116 2482 prima
1144 2400 1273 2484 syllaba

141 2500 290 2567 detraota
311 2503 369 2578 est,
393 2494 538 2579 ejusdem
558 2502 654 2578 atque
670 2496 755 2567 tollo,
781 2497 891 2568 tolero,
914 2495 1111 2568 Graeoorum
1125 2498 1271 2583 τλῆ-ναι,

139 2597 330 2682 τέ-τλη-κα,
352 2591 483 2670 πάλ-ας,
506 2595 630 2677 τόλ-μα
653 2594 787 2678 originis
802 2613 874 2660 esse
895 2601 1029 2660 constat.
1074 2595 1163 2662 Haeo
1186 2596 1272 2662 enim

139 2694 245 2761 verba
265 2710 384 2775 graeoa
406 2711 477 2757 oum
493 2694 636 2760 habeant
651 2694 715 2759 rim
738 2713 759 2757 a
775 2692 923 2758 sensibus
945 2693 1041 2776 paulo
1058 2693 1272 2775 remotiorem,

146 2790 308 2874 propriam
323 2787 448 2855 ferendi
462 2792 627 2857 notionem
641 2786 793 2872 τελαμών
809 2797 905 2872 atque
920 2787 1081 2855 τάλαντον
1094 2799 1272 2858 servarunt.

146 2887 218 2953 Neo
238 2886 369 2952 multum
391 2886 510 2953 absunt
532 2888 684 2954 Indorum
707 2886 882 2970 tul-ojo-mi
900 2888 954 2954 vel
976 2888 1159 2972 tolo-jumi,
1195 2909 1272 2972 pon·

148 2983 238 3063 dero,
261 2983 338 3046 tul-d
361 2982 454 3064 libra,
478 2984 656 3051 Gothorum
678 2984 776 3046 thol-o
798 2984 911 3050 tolero.
956 2983 1046 3062 Quae
1075 3006 1147 3052 oum
1168 2987 1216 3053 ita
1238 3007 1273 3053 se

145 3080 304 3163 habeant,
333 3087 480 3163 apertum
509 3089 557 3148 est
590 3081 727 3148 similem
754 3080 839 3146 inter
857 3080 921 3163 ser
942 3088 974 3147 et
996 3083 1043 3146 tul
1070 3090 1167 3166 atque
1189 3085 1273 3149 inter

143 3179 340 3245 Graeoorum
368 3201 434 3263 φθρ
464 3186 496 3245 et
525 3177 621 3263 ἐνεγκ
649 3178 806 3250 rationem
833 3176 1048 3260 intercedere,
1085 3199 1169 3262 quae
1201 3199 1273 3245 oum

140 3297 228 3362 porup
258 3283 291 3342 et
315 3296 398 3360 pap,
430 3285 503 3360 torp
534 3283 565 3342 et
588 3285 639 3358 top
662 3273 805 3340 r'adioum
828 3273 911 3340 inter
932 3293 968 3340 se
991 3275 1174 3343 diserimine
1198 3297 1273 3360 quo·

143 3371 325 3440 dammodo
334 3374 513 3457 comparari
528 3379 643 3458 potest.
673 3371 875 3456 Quapropter
895 3371 981 3454 qnod
995 3372 1085 3456 apud
1098 3375 1272 3440 Pacuvium

145 3471 265 3554 legitur
288 3489 320 3533 v.
344 3472 406 3535 228

219 3718 236 3779 ¹>
272 3713 364 3770 Ueber
381 3715 433 3769 deu
451 3714 597 3770 Gabrauoh
615 3715 662 3771 des
680 3717 812 3771 Praesens
830 3715 859 3769 ia
878 3715 1092 3772 Gesetnlormeln
1115 3718 1152 3772 ist
1170 3718 1272 3773 Theod.

144 3797 299 3853 Mommsen
316 3794 350 3848 N.
370 3795 466 3850 Rhein.
485 3796 557 3852 Mus.
575 3796 627 3850 XV
651 3802 738 3862 (1860)
762 3796 788 3850 S.
811 3801 863 3850 los
887 3814 922 3851 zu
946 3798 1123 3866 vergleiohen.
1160 3798 1274 3853 Danaoh

143 3879 221 3934 kann
238 3891 302 3930 man
324 3876 399 3930 nicht
420 3876 513 3931 umhin
537 3883 649 3943 genitur
672 3877 716 3932 fllr
739 3880 782 3932 ein
808 3878 935 3947 richtiges
953 3878 1087 3934 Praesens
1114 3895 1149 3933 zu
1172 3879 1273 3945 hulten,

145 3960 197 4014 das
215 3957 272 4012 sich
292 3973 327 4010 zu
343 3961 469 4023 gignitur
486 3958 591 4012 verhblt
608 3958 655 4013 uie
672 3959 747 4028 μένει
765 3975 800 4014 zu
817 3965 918 4029 μίμνει,
938 3957 1028 4029 ἔχεται
1046 3976 1081 4014 zu
1100 3955 1211 4029 ἴσχεται.
