2828 4776
148 339 208 402 176
624 343 793 412 Siegismund

142 516 296 582 seiuncta
319 521 469 597 exstaret,
492 515 577 581 iacta
598 515 770 603 videretur,
794 514 972 582 omittenda
999 514 1155 597 duximus,
1176 513 1264 581 vetut

65 685 67 688 .
145 612 278 695 κλάδος,
303 613 389 695 quod
411 613 541 679 Fickius
564 635 595 698 p.
620 618 681 679 204
704 634 776 703 cum
799 633 858 679 scr.
874 611 961 688 Μωρέ
980 612 1186 695 frangere,
1205 613 1268 677 tat.

147 711 252 774 clades
273 718 332 776 cet.
349 711 535 794 composuit,
559 713 601 775 al.
646 712 686 775 In
700 711 864 776 nonnullis
879 711 1016 778 tortasse
1031 710 1174 794 liquidae
1188 705 1273 776 auti·

145 809 262 893 cipatio
285 808 490 892 agnoscenda
513 809 586 891 erit,
609 809 746 891 quaein
769 815 787 886 t
812 812 841 875 8.
864 809 1193 876 commemorabimus.

230 1197 418 1262 Transimus
440 1198 482 1262 ad
504 1218 545 1286 ea
568 1199 730 1280 exempla,
754 1199 810 1263 ubi
831 1195 974 1280 liquidae
996 1197 1185 1280 anticipatio
1200 1216 1276 1262 cum

145 1294 268 1361 vocalis
290 1295 460 1361 affectione
482 1296 651 1361 coniuncta
673 1295 876 1380 conspicitur.
986 1342 990 1346 Α
1286 1320 1288 1322 ’

230 1392 350 1457 Notum
365 1399 415 1458 est
435 1392 469 1457 in
492 1393 610 1476 linguis
631 1392 871 1476 indogermanis
885 1392 1074 1475 saepissime
1091 1415 1110 1456 n
1126 1393 1272 1459 vocalem

146 1496 222 1554 ante
245 1487 387 1570 liquidas
410 1496 443 1555 et
464 1491 604 1557 maximo
625 1498 701 1559 ante
723 1513 742 1552 r
763 1491 797 1555 in
820 1493 833 1552 i
853 1496 885 1555 et
900 1511 919 1552 n
935 1509 1006 1557 esse
1027 1497 1193 1557 mutatam.
1222 1488 1268 1554 ct.

146 1606 206 1652 sor.
230 1595 282 1647 tar
304 1587 556 1669 superiorem
584 1588 695 1670 fieri,
727 1594 848 1672 potent.
872 1588 1000 1672 tur-jot,
1023 1577 1266 1672 μ’τύρ-αννος

146 1690 206 1749 cet.
228 1683 311 1748 Fick
333 1704 365 1766 p.
390 1687 447 1769 783
470 1693 529 1750 scr.
550 1687 627 1768 puri
647 1715 689 1739 =
703 1706 750 1769 gr.
773 1683 883 1763 πόλις,
902 1706 1003 1770 puros
1024 1717 1066 1739 ==
1089 1706 1137 1769 gr.
1160 1684 1262 1768 πάρος

147 1781 199 1856 (de
221 1780 289 1845 rad.
311 1802 374 1864 par
394 1802 425 1846 v.
449 1788 467 1860 ξ
491 1790 510 1847 4
533 1803 564 1847 n.
588 1787 649 1866 38),
674 1786 757 1868 piros
779 1799 820 1864 ==j=
841 1796 888 1865 gt.
904 1791 941 1849 st.
965 1807 1071 1867 καρας
1096 1788 1128 1862 (ξ
1145 1787 1209 1847 4n.
1223 1786 1257 1863 c),

145 1878 279 1940 athico-s
300 1909 342 1930 ==
365 1878 502 1961 στερεός
531 1879 616 1946 Ourt.
640 1902 672 1964 p.
695 1884 773 1964 2013
796 1901 842 1963 gr.
865 1877 1026 1964 μορμύρω
1051 1886 1082 1969 et
1104 1880 1162 1944 lat.
1183 1896 1253 1942 mur*

144 1997 215 2038 mur
238 2007 280 2026 =
302 1996 361 2041 scr.
384 1996 560 2040 marmores
582 1998 613 2042 v.
629 1979 671 2043 ib.
695 2000 726 2063 p.
744 1981 816 2058 313,
840 1975 961 2062 κυρτός
983 1977 1087 2042 arad.
1104 1976 1166 2056 lior
1184 1996 1254 2042 cur·

145 2092 259 2155 vare,
288 2071 373 2160 μύλη
402 2107 444 2127 ==
465 2076 521 2141 lat.
551 2076 633 2138 mola
661 2075 704 2140 ib.
734 2096 765 2157 p.
790 2078 861 2155 315,
891 2075 1042 2158 graeooit.
1073 2074 1196 2138 arto-s
1221 2071 1252 2137 ab

145 2169 259 2236 eadem
280 2170 340 2236 illa
361 2171 429 2236 rad.
445 2171 515 2253 tar,
538 2193 568 2237 u.
591 2193 690 2257 supra
713 2178 730 2250 ξ
747 2177 767 2235 4
789 2194 820 2238 n.
836 2179 872 2255 43
897 2170 1042 2256 σκιρτάω
1065 2172 1169 2238 arad.
1186 2192 1249 2250 σκαρ

145 2271 315 2351 (σκαίρω),
339 2274 492 2355 κίρνημι,
516 2272 698 2352 πίλναμαι,
720 2269 795 2350 alia,
818 2270 873 2334 ubi
895 2268 1019 2353 liquida
1041 2286 1114 2335 oum
1130 2285 1251 2336 consona

143 2364 253 2429 iuncta
275 2371 334 2447 est,
357 2386 388 2431 v.
412 2364 497 2432 Gurt.
520 2389 552 2451 p.
576 2371 638 2432 664
661 2387 729 2450 sqq.
774 2367 935 2449 Elingua
957 2369 1059 2433 latina
1083 2369 1183 2435 affero
1203 2365 1249 2430 ar·

143 2482 218 2543 perp
244 2490 284 2512 ==
305 2482 351 2544 gr.
368 2461 533 2547 σπαργάω
557 2463 655 2539 (Curi.
674 2486 705 2548 p.
723 2468 807 2545 652),
820 2464 956 2547 scalpere
977 2467 1162 2548 egraecoit.
1178 2463 1249 2544 tuq

144 2561 186 2632 (u.
210 2578 308 2641 supra
330 2564 348 2636 ξ
372 2563 412 2640 3),
435 2560 514 2624 billa
536 2563 655 2627 collato
677 2582 723 2644 gr.
737 2559 839 2643 χολάς
862 2561 966 2642 (Fick.
988 2584 1021 2646 p.
1037 2566 1101 2655 69).
1146 2563 1248 2630 Delat.

145 2675 165 2716 u
187 2655 229 2719 ct.
252 2654 443 2721 Oorssenum
465 2659 507 2739 ΙΙ,
534 2661 593 2722 149
616 2679 684 2742 sqq.

230 2750 320 2829 Quae
341 2772 413 2818 cum
434 2754 481 2820 ita
502 2755 576 2837 sint,
599 2755 773 2823 verisimile
795 2756 901 2822 estin
923 2756 969 2822 eis
991 2755 1164 2838 radicibus,
1187 2770 1251 2838 quoe

143 2854 184 2923 rt,
206 2870 326 2932 repro
348 2873 387 2913 ar
409 2852 580 2934 exhibent,
604 2853 791 2935 plerumque
813 2853 1016 2920 affectionem
1036 2854 1162 2919 vocalis
1184 2852 1251 2937 prius

144 2967 240 3029 quam
262 2950 466 3016 metathesim
483 2970 554 3017 esse
567 2950 696 3015 tactam.
719 2951 773 3016 Sic
793 2951 857 3016 iam
873 2957 949 3017 ante
964 2951 1251 3035 Indogermanorm

144 3043 320 3124 discessum
349 3046 418 3112 rad.
446 3037 540 3111 aar*
562 3048 740 3113 clamare
768 3083 810 3093 -
840 3048 926 3114 unde
955 3068 1014 3115 scr.
1043 3047 1194 3134 mapsa,
1219 3064 1251 3130 gr.

144 3140 304 3228 κραυγ-ή,
339 3151 402 3225 got.
425 3144 577 3229 brut-jon
600 3152 660 3210 cet.
683 3148 724 3221 (v.
747 3145 838 3210 Fick.
861 3166 893 3229 p.
917 3145 971 3229 49)
992 3180 1034 3190 -
1055 3164 1115 3229 per
1136 3147 1252 3212 forman

143 3239 367 3306 intermediam
390 3241 509 3305 *leur-t
532 3263 550 3309 e
571 3242 724 3326 primaria
745 3242 854 3308 radice
876 3241 937 3304 lom·
959 3242 1010 3319 (cf.
1027 3248 1045 3319 ξ
1062 3247 1083 3306 4
1098 3264 1130 3308 n.
1149 3247 1178 3319 1)
1200 3246 1252 3307 ortt

142 3337 278 3402 videtur.
321 3339 369 3404 Ac
380 3340 535 3407 'similiter
550 3340 685 3407 fortasse
700 3339 768 3404 rad.
785 3359 896 3423 europ.
918 3337 1000 3413 lrrilr,
1025 3354 1122 3421 quam
1138 3338 1252 3405 Fickius

141 3455 173 3517 p.
197 3437 259 3499 352
288 3437 394 3517 ponit,
428 3438 547 3519 prodiit
577 3435 629 3513 (ci.
656 3436 739 3502 intra
761 3441 845 3523 5¹8),
869 3456 929 3503 nec
951 3436 1046 3502 aliter
1067 3435 1137 3500 rad.
1160 3434 1251 3513 indog·

140 3552 196 3594 rra
218 3531 352 3599 fluere
375 3535 549 3602 esurire
571 3532 670 3612 (unde
691 3535 747 3599 lat.
770 3555 927 3618 ser-p-erc
947 3535 1042 3614 aliae,
1066 3551 1096 3596 v.
1121 3533 1250 3598 Fickiun

141 3648 172 3711 p.
197 3631 259 3691 954
282 3629 405 3710 sqq.⁶³).

211 3859 243 3924 ⁰³)
261 3857 375 3912 Fiokius
394 3856 502 3925 quidem
528 3857 556 3912 in
582 3859 713 3915 eiusmodi
730 3859 867 3914 radicibus
885 3874 920 3912 ra
937 3874 992 3913 non
1009 3872 1042 3913 ex
1060 3875 1094 3912 cr
1111 3888 1145 3898 —
1162 3873 1200 3921 ur,
1216 3845 1250 3908 scd

144 3950 179 3991 ex
196 3954 229 3991 ar
247 3968 277 3977 -
296 3954 342 3995 ra,
357 3943 447 3992 ortum
472 3942 567 4007 putat3
593 3954 647 4007 qua
670 3940 699 3993 in
726 3955 755 3993 re
780 3938 808 3993 id
826 3938 900 3992 haud
919 3939 998 3993 dubie
1018 3954 1074 3993 non
1091 3938 1160 3993 nihil
1174 3933 1248 3994 vnn,
