2828 4776
238 381 301 443 214
720 378 889 447 Siegismund

323 561 353 621 P
381 555 569 639 explosivae
604 551 816 636 postpositum
853 556 903 615 est
938 550 972 613 in
1010 548 1168 633 σκύθραξ
1202 550 1361 614 vocabulo.

236 652 417 736 Hesychius
439 659 602 732 tamquam
623 648 786 714 laconicae
808 648 926 714 formas
959 644 1129 732 σκύρθαξ,
1161 644 1361 732 σκυρθάλιον

237 751 335 834 (expl.
350 746 537 832 μειράκιον,
561 751 749 822 νεανίσκος)
772 746 874 811 affert.
919 745 1043 824 Quibus
1064 745 1232 829 Benieyus
1248 745 1290 826 Π,
1309 749 1360 809 176

236 847 325 913 haud
346 845 599 931 improbabiliter
621 842 763 909 radicem
778 847 878 906 *alar
900 843 998 920 (unde
1020 848 1133 929 κείρω,
1157 845 1284 927 ξυρ-έω
1299 845 1362 919 cet.)

240 944 416 1010 subiectam
440 963 510 1010 esse
533 943 659 1023 statuit,
691 942 738 1006 ita
759 948 794 1006 ut
815 941 1040 1008 adulescentes
1062 961 1083 1006 a
1104 939 1273 1007 tondendo
1288 939 1363 1004 dicti

238 1048 354 1108 essent.
418 1040 590 1110 (Similiter
627 1039 754 1105 Curtius
791 1038 952 1106 ‘Studien'
990 1041 1016 1120 I,
1053 1042 1115 1104 250
1160 1037 1201 1104 de
1240 1043 1362 1120 κοῦρος,

239 1137 345 1225 κόρη).
404 1137 498 1216 Quod
535 1137 562 1203 si
598 1144 719 1202 rectum
762 1144 812 1202 est
856 1136 1012 1221 σκύθραξ
1053 1136 1156 1202 forma
1198 1133 1363 1202 metathesi

239 1244 288 1303 est
309 1237 434 1302 affecta.
982 1266 985 1268 ·

322 1330 414 1399 Idem
437 1333 600 1416 Benfeyus
622 1333 643 1398 l.
666 1333 688 1395 l.
711 1329 834 1417 κάχληξ
855 1333 963 1398 silex
985 1353 1056 1398 cum
1078 1351 1139 1398 scr.
1161 1329 1278 1416 pdrlca,
1301 1352 1361 1414 pcr-

237 1429 319 1492 lata
342 1430 392 1504 (cf.
415 1451 513 1513 supra
534 1433 554 1509 ὅ
577 1435 596 1494 4
619 1451 651 1494 n.
675 1432 706 1505 2)
729 1428 772 1493 ad
794 1429 904 1512 indcg.
927 1429 1052 1493 *horlon
1074 1429 1256 1510 revocavit,
1285 1428 1362 1494 unde

236 1528 326 1592 tenui
351 1533 424 1610 post
444 1526 601 1609 liquidam
622 1527 656 1590 in
679 1526 864 1609 aspiratam,
889 1551 908 1609 ρ
930 1547 1006 1594 vero
1028 1527 1137 1593 littera
1157 1527 1191 1592 in
1215 1527 1363 1592 lmutata

206 1615 209 1621 ’
239 1645 286 1707 gr.
303 1624 471 1710 *καλχ-ηξ
485 1623 535 1701 (cl.
551 1625 608 1688 lat.
624 1624 781 1706 calculas),
806 1623 944 1706 denique
959 1625 1129 1691 metathesi
1144 1624 1233 1690 facta
1248 1622 1363 1710 κάχληξ

239 1722 375 1806 prodire
390 1722 503 1805 potuit.

325 1815 431 1904 ἄπριξ
464 1823 572 1903 (γένος
606 1815 761 1905 ἀκάνθης
790 1819 876 1892 ΕΜ.)
906 1820 1089 1886 Lobcckius
1111 1841 1143 1904 p.
1168 1824 1231 1884 507
1265 1821 1361 1884 attulit

238 1923 402 2000 tamquam
416 1916 503 1982 idem
518 1914 702 1998 significans
717 1936 788 1981 cum
804 1910 936 2002 ἅρπεζα
951 1918 1020 1983 sive
1043 1913 1196 2001 ἅρπισσα
1220 1926 1360 1999 sentes,

238 2012 447 2080 dumetum.
492 2013 644 2078 Fortasse
669 2013 750 2079 haec
771 2014 931 2080 voeabula
952 2014 996 2078 ad
1018 2014 1087 2078 rad.
1109 2013 1209 2099 ehorp
1231 2051 1274 2062 -
1295 2037 1360 2098 aurp

239 2112 338 2184 (unde
368 2107 478 2196 ἅρπη,
513 2111 569 2175 lat.
598 2113 706 2194 samio
729 2119 789 2176 cet.
813 2110 898 2176 Curt.
920 2133 953 2195 p.
977 2115 1050 2189 248)
1073 2112 1259 2178 revocanda
1287 2120 1360 2195 sunt,

237 2208 284 2274 ila
305 2215 340 2273 ut
363 2204 469 2291 ἄπριξ
490 2227 531 2273 cx
553 2203 686 2293 *ἆρπιξ
707 2216 809 2273 ortum
832 2210 883 2275 sit.

324 2302 485 2392 ἅτρεμής·
509 2303 606 2390 ὑγιής
629 2307 787 2392 Hesych,
822 2305 907 2389 quod
929 2307 1111 2373 Lobeckius
1133 2328 1164 2390 p.
1188 2313 1252 2373 506
1274 2314 1361 2374 meta-

237 2403 321 2468 thesi
338 2422 379 2467 ex
394 2400 542 2488 ἅρτεμής
559 2410 661 2467 ortum
676 2411 778 2488 putat,
800 2404 910 2469 dubito
925 2405 1126 2486 grammatici
1141 2406 1360 2488 negligentiae,

238 2519 281 2564 an
303 2499 426 2563 librarii
453 2500 552 2564 errori
581 2501 784 2566 tribuendum
813 2502 863 2566 sit.
909 2501 1110 2586 Quamquam
1139 2501 1277 2569 fortasse
1303 2502 1361 2568 fieri

239 2597 353 2679 potuit,
375 2602 411 2660 nt
434 2593 582 2683 ἀτρεμής
601 2605 632 2663 et
648 2595 793 2682 ἅρτεμής
809 2599 879 2682 ipso
895 2599 1049 2681 loquendi
1064 2621 1123 2666 usn
1138 2600 1361 2667 confunderen-

241 2699 293 2757 tur
314 2694 365 2758 vel
389 2713 489 2776 prope
511 2695 596 2760 inter
617 2715 652 2761 se
675 2698 906 2778 contingerent.

324 2793 374 2856 De
401 2788 555 2876 Ἀχρυλίς
584 2824 627 2842 =
653 2788 823 2879 Ἀρχυλίς,
860 2792 927 2857 dor.
949 2791 1105 2878 Ἄτρεμις
1135 2815 1193 2878 pro
1215 2792 1359 2880 Ἄρτεμις

239 2887 310 2954 sim.
340 2887 379 2952 cf.
409 2889 607 2954 Meinekium
637 2890 745 2954 Anall.
776 2890 827 2954 Al.
858 2911 890 2973 p.
921 2894 992 2954 210.

324 2987 362 3050 In
379 2986 570 3068 quibusdam
593 2988 758 3053 vocabulis
781 2987 906 3069 liquida
927 2988 1054 3052 vicinae
1077 3008 1240 3055 consonae
1261 3009 1360 3074 prae·

238 3083 376 3168 posita
405 3090 462 3149 est.
506 3084 559 3150 Sic
587 3084 715 3150 videtur
743 3082 846 3170 κάλχη
879 3084 920 3150 ad
945 3085 1080 3151 formam
1102 3085 1233 3174 *κάχλη
1256 3088 1359 3153 redire.

238 3180 454 3246 Probabiliter
490 3182 575 3247 enim
612 3183 677 3248 iam
715 3181 841 3248 Curtius
873 3203 905 3265 p.
934 3187 993 3246 145
1030 3183 1112 3251 illud
1149 3204 1220 3248 cum
1258 3181 1359 3269 κογχή,

240 3275 377 3363 κόγχος,
409 3277 567 3365 κογχύλη,
598 3299 656 3345 scr.
681 3278 807 3357 scalcke·
822 3287 991 3362 cognatum
1015 3299 1087 3346 esse
1110 3282 1291 3365 suspicatus
1313 3287 1360 3346 est

240 3374 335 3454 Quod
356 3375 409 3441 vel
432 3396 503 3441 eam
527 3378 567 3441 ob
586 3397 654 3443 rem
669 3377 748 3440 mihi
762 3377 936 3444 verisimile
951 3377 994 3460 fit,
1018 3377 1094 3459 quia
1107 3386 1237 3462 praeter
1252 3379 1360 3465 κόγχος

240 3472 356 3538 eadem
378 3472 612 3556 significatione
634 3483 666 3540 et
689 3471 807 3553 κόχλος
830 3474 880 3552 (cf.
899 3476 955 3540 lat.
972 3474 1108 3551 cochlea)
1132 3483 1164 3542 et
1186 3476 1306 3560 κόλχος
1326 3484 1361 3546 lv.

239 3569 319 3634 Lob.
342 3591 373 3654 p.
398 3575 471 3648 506)
503 3570 590 3636 dicta
623 3571 834 3654 reperiuntur.
879 3572 926 3636 Ac
950 3593 1030 3637 cum
1063 3570 1166 3661 κάλχη
1202 3584 1236 3642 et
1269 3574 1361 3658 κάχλα

239 3668 386 3748 nomina,
417 3668 531 3749 quibus
561 3668 674 3734 eadem
696 3671 811 3753 planta
833 3670 960 3746 (caltha)
984 3670 1157 3753 significari
1179 3674 1307 3740 videtur
1327 3678 1361 3747 (v.

237 3757 319 3829 Lob.
342 3764 422 3847 l.l.),
445 3764 532 3829 haud
555 3764 651 3832 dubie
672 3766 715 3831 ad
737 3787 930 3851 purpureum
954 3770 1092 3834 colorem
1114 3771 1314 3854 pertineant,
1335 3770 1364 3834 in

243 3856 347 3940 κάχλα
369 3861 441 3944 ipsa
463 3861 624 3944 antiquior
645 3863 747 3928 forma
768 3864 975 3947 agnoscenda
997 3866 1065 3932 erit.

310 3957 517 4043 ,καλχαίνειν
553 3961 686 4025 verbum
721 3961 831 4045 (Soph.
861 3964 935 4027 Ant.
959 3966 1016 4046 20,
1045 3966 1121 4030 Eur.
1144 3964 1308 4032 Heraclid.
1329 3969 1364 4029 40
