2828 4776
144 323 203 423 184
618 362 787 430 Siegismund

142 555 182 602 ex
205 538 355 620 *spdpyua
379 539 524 617 *depacta
547 538 685 617 *cleptem
710 533 767 600 sed
789 534 894 598 vocali
917 533 1115 616 amplificata
1129 554 1146 601 e
1161 535 1238 618 (peip,

141 636 236 716 pata,
259 637 333 716 τρῖβ
355 632 513 715 prodiisse
535 630 719 714 credamus3
742 631 804 696 nisi
827 631 908 696 torte
929 629 1241 707 formaebrevemro·

141 732 244 796 calem
267 729 456 796 exhibentes
477 729 670 802 recentiores
693 736 767 794 sunt
789 736 844 793 aut
866 728 908 792 ad
931 729 1070 817 aliarum
1094 727 1241 793 formarum

142 827 383 892 similitudinem
413 834 578 910 correptae
608 824 658 900 (ot.
688 825 940 891 Delbrueekium
970 846 1002 909 p.
1022 817 1105 896 13'6).
1128 825 1243 890 Maxime

141 930 249 990 autem
270 925 304 988 in
327 925 374 990 eis
397 925 562 1008 exemplis,
586 942 669 1005 quae
690 923 855 1004 thabent,
873 922 993 1005 dubito,
1016 942 1095 987 num
1110 923 1243 1006 producta

142 1023 264 1087 vocalis
279 1023 343 1087 iam
360 1029 532 1103 antequam
549 1012 735 1086 metathesis
750 1019 848 1100 fieret,
872 1019 969 1086 luisse
985 1019 1146 1085 videatur.
1168 1021 1243 1101 Brug-

142 1140 256 1185 manus
285 1119 414 1200 quidem
444 1118 618 1201 *βολθρος
647 1118 809 1199 quondam
830 1117 864 1181 in
888 1116 1072 1199 *βωλθρος
1102 1117 1243 1182 transiisse

142 1218 231 1283 nullo
260 1217 357 1282 simili
387 1217 536 1299 exemplo
565 1214 691 1280 firmare
713 1222 819 1298 potest
851 1214 913 1278 nisi
942 1213 1068 1280 hibern.
1093 1215 1240 1285 dolebitur,

142 1314 227 1397 quod
250 1336 315 1379 non
339 1314 418 1379 satis
440 1314 545 1378 faeere
568 1313 676 1378 nescio
699 1332 742 1376 an
764 1313 833 1394 ipse
850 1311 1015 1379 concedat.
1061 1312 1167 1392 Quare
1179 1319 1242 1377 reete

141 1418 217 1496 puto
249 1410 391 1476 Curtium
414 1407 502 1485 ὠκύς
532 1409 612 1483 (rad.
637 1405 691 1486 ἄκ)
719 1427 939 1492 comparasse3
970 1416 1140 1493 praeterea
1160 1410 1241 1475 afferri

142 1516 276 1592 possunt
297 1507 415 1592 τρώγω
439 1507 542 1572 arad.
565 1530 648 1591 τραγ
671 1517 714 1575 tv,
738 1513 755 1584 ξ
779 1512 798 1570 4
822 1526 853 1570 n.
877 1500 947 1582 al),
969 1506 1119 1589 τρωπάω
1142 1510 1203 1574 sim.
1218 1508 1240 1570 in

142 1607 257 1688 quibus
279 1605 520 1689 productionem
543 1613 617 1687 post
637 1604 840 1670 metathesim
863 1602 981 1668 tactam
1005 1618 1189 1672 esse'nemo
1205 1623 1241 1668 ne·

142 1704 240 1785 gabit.
286 1703 369 1782 Quid
392 1714 484 1782 vem,
515 1703 542 1766 si
570 1703 605 1766 in
627 1701 786 1785 κρώπιον,
810 1700 992 1784 antecellor,
1014 1701 1188 1787 γρωθύλος
1205 1700 1239 1779 (el.

143 1800 246 1866 etiam·
263 1795 435 1881 στωμύλος
464 1800 508 1864 ad
523 1813 525 1816 ·
539 1797 659 1880 στόμα)
688 1798 803 1865 eadem
831 1797 1009 1880 productae
1036 1803 1157 1867 vocalis
1181 1801 1239 1864 ratio

142 1897 246 1964 luit?

228 1995 383 2061 Videmus
411 1995 508 2077 igitur
537 1993 577 2060 de
600 1993 792 2076 quibusdam
815 1994 972 2076 exemplis
994 2015 1091 2078 posse
1114 1994 1238 2074 dubitat

143 2092 228 2176 quod
257 2093 422 2159 tamenin
444 2093 629 2157 universum
653 2091 864 2156 Delbrueckii
886 2098 918 2156 et
941 2092 1115 2175 Brugmani
1138 2094 1202 2160 der
1218 2096 1238 2154 et

142 2215 160 2253 o
184 2188 347 2273 productis
369 2191 562 2255 sententiam
585 2190 726 2272 amplexi
751 2208 875 2266 sumus,
899 2190 932 2252 in
954 2190 1016 2255 hoc
1036 2212 1097 2258 nos
1118 2199 1194 2258 recte
1210 2188 1238 2252 le·

143 2287 225 2353 cisse
248 2308 285 2352 eo
307 2288 411 2369 magis
433 2294 591 2370 putamus,
615 2288 690 2368 quia
711 2287 746 2349 in
769 2293 786 2360 h·
810 2289 840 2366 9,
867 2287 921 2350 ubi
944 2287 985 2352 de
1007 2290 1169 2354 nasalibus
1187 2303 1239 2367 age·

143 2392 203 2466 tur,
227 2384 386 2466 quaedam
409 2386 560 2467 exempla
582 2403 711 2466 prorsus
733 2383 852 2447 similia
876 2391 1050 2449 oeerrrrent.
1231 2381 1233 2385 ’

403 2649 444 2713 ΙΙ.
482 2650 682 2731 Liquidae
704 2655 1012 2732 postponuntur.

675 2821 745 2895 58.

230 2969 403 3051 Postquam
436 2970 575 3052 liquidas
609 2971 799 3054 saepissime
827 2992 848 3036 a
880 2973 1088 3055 sequentibus
1118 2967 1241 3040 consonis

143 3067 265 3134 solutas
288 3073 320 3132 et
342 3068 511 3133 metathesi
539 3069 806 3151 praecedentibus
835 3071 984 3142 consonis
1007 3071 1174 3138 adiunctas
1193 3082 1243 3134 esse

98 3161 101 3167 ’
143 3163 299 3245 vidimus,
329 3165 500 3248 pergimus
521 3165 565 3229 ad
587 3167 747 3231 contraria
770 3170 930 3251 exempla,
955 3168 1010 3232 ubi
1033 3171 1139 3234 vocali
1159 3163 1244 3234 antici-

142 3268 219 3346 pata
240 3261 365 3343 liquida
387 3263 604 3345 postponitur:
627 3265 716 3341 cuius
738 3265 866 3346 generis
881 3266 1024 3348 linguam
1041 3266 1194 3333 Graecam
1206 3261 1244 3328 mi·

142 3359 229 3427 nime
252 3358 428 3425 studiosam
450 3359 548 3425 fuisse
570 3360 637 3445 iam,
658 3381 706 3438 eo,
730 3363 815 3445 quod
837 3363 918 3427 illud
934 3365 1070 3428 alterum
1085 3385 1185 3448 genus
1199 3371 1245 3428 tan

142 3457 208 3522 late
230 3464 334 3539 patet,
365 3463 615 3522 consentaneum
634 3466 694 3524 est.
740 3459 906 3538 Quaedam
934 3468 1041 3526 autem
1064 3457 1247 3527 hauddubie

142 3554 186 3620 ad
217 3555 393 3636 singularia
425 3555 485 3619 illa
514 3556 790 3622 transmutationis
820 3559 969 3641 exempla
991 3559 1163 3642 pertinent,
1185 3566 1246 3640 quat

142 3651 176 3716 in
201 3660 218 3727 ξ
243 3654 261 3714 2
285 3672 385 3736 prope
408 3651 449 3717 ad
478 3654 709 3734 pronuntiandi
740 3655 862 3720 errorc's
885 3648 1038 3721 accedere
1061 3656 1203 3737 diximus,
1220 3665 1246 3714 tt

53 3788 55 3792 -
143 3750 296 3832 pleraque
319 3751 415 3815 etiam
438 3749 535 3833 valde
558 3750 656 3816 dubia
678 3759 762 3817 sunt.

234 3850 260 3909 l.
283 3845 420 3931 βραδύς,
445 3846 530 3928 quod
554 3855 571 3923 ξ
596 3854 615 3910 4
638 3870 670 3912 11.
695 3852 770 3913 lle
793 3848 947 3933 *μαρόυς
970 3857 1073 3915 ortum
1096 3872 1165 3918 esse
1184 3863 1245 3914 0011]-

145 3944 408 4026 memoravimns,
447 3946 699 4029 comparativum
746 3945 846 4011 habet
886 3946 1095 4034 βαρόύτερος
1135 3950 1243 4014 Theocr·
