2828 4776
452 371 493 426 De
511 370 651 426 titulorum
669 371 819 427 ionicorum
837 373 961 430 dialecto.
1209 371 1270 434 253

142 547 277 608 tuerent.
322 542 444 622 Quodsi
466 544 588 609 librarii
611 544 748 628 primum
771 551 894 610 tantum
910 547 1060 612 vitiorum
1074 566 1175 629 genus
1190 567 1274 613 com·

141 639 315 721 misissent,
338 641 490 707 facillime
504 642 679 707 remedium
695 643 832 708 inveniri
847 650 968 726 posset.
1009 643 1164 722 Quotiens
1187 646 1273 710 enim

141 736 270 803 codices
297 738 380 804 inter
408 759 446 805 se
475 739 713 824 discreparent,
744 740 848 805 forma
875 762 940 806 non
969 742 1069 806 attica
1096 744 1129 807 in
1152 749 1274 808 textum

140 835 330 918 recipienda
352 844 446 918 esset,
469 837 532 903 nisi
553 837 635 902 torte
657 837 861 903 manifestum
884 845 978 920 esset,
1003 840 1094 904 illam
1117 841 1177 905 soli
1200 840 1274 906 scri-

140 939 256 1014 pturae
277 934 395 999 mendo
418 934 573 1017 originem
596 934 724 1001 debere.
776 934 854 1000 Cum
877 943 985 1001 autem
1007 938 1060 1002 vel
1089 939 1122 1002 in
1145 938 1273 1021 optimis
1332 933 1335 939 ’

140 1029 308 1095 codicibus
335 1031 524 1114 saepissime
552 1032 636 1098 duae
663 1033 785 1098 formae
814 1040 846 1098 et
874 1035 955 1099 inter
984 1055 1019 1100 se
1049 1040 1080 1100 et
1108 1036 1150 1101 ab
1173 1037 1272 1101 attica

140 1125 330 1193 differentes
351 1129 573 1212 inveniantur,
603 1148 699 1195 nemo
723 1136 770 1195 est
799 1132 853 1213 qui
882 1133 950 1197 solo
978 1132 1131 1197 librorum
1161 1153 1272 1198 manu·

139 1225 332 1308 scriptorum
363 1227 546 1292 testimonio
576 1248 651 1293 usus
681 1227 857 1293 diiudicare
885 1230 1002 1312 possit,
1032 1236 1104 1294 utra
1133 1230 1174 1295 sit
1195 1250 1273 1296 vera

138 1321 245 1387 forma
266 1322 459 1390 Herodotea.
502 1325 605 1390 Plane
626 1326 784 1390 assentior
806 1326 965 1392 Guilelmo
987 1327 1140 1408 Dindori,
1164 1328 1217 1410 qui
1239 1328 1273 1392 in

139 1421 343 1504 praefatione
365 1421 520 1487 Herodoti
548 1422 698 1490 editionis
728 1424 887 1505 (Parisiis,
918 1424 1031 1506 Didot,
1067 1428 1158 1501 1844)
1188 1424 1273 1490 hanc

139 1517 203 1582 fert
226 1519 435 1584 sententiam:
472 1512 647 1602 „Codicum
663 1523 851 1586 auctoritate
866 1523 937 1588 sola
954 1523 1008 1604 qui
1030 1521 1096 1604 regi
1120 1522 1272 1588 iudicium

140 1635 235 1680 suum
258 1616 438 1699 patiuntur,
461 1617 597 1700 perinde
626 1618 747 1683 iaciunt
769 1638 806 1684 ac
829 1619 855 1684 si
881 1619 951 1702 quis
973 1627 1165 1685 tesserarum
1188 1621 1273 1686 iactu
1358 1633 1360 1637 '

141 1711 382 1778 decernendum
405 1733 476 1780 esse
498 1713 679 1787 contendat,
703 1717 818 1798 quibus
840 1735 966 1798 quoque
986 1716 1020 1780 in
1042 1717 1113 1781 loco
1136 1718 1273 1782 vocabu-

138 1811 245 1874 lorum
274 1811 383 1877 lormis
412 1831 489 1878 usus
519 1831 590 1878 esse
619 1812 781 1894 putandus
817 1813 858 1878 sit
886 1812 1101 1879 Herodotus“.
1151 1813 1273 1893 Quodsi

138 1907 212 1992 ipse
234 1907 277 1973 ad
299 1909 455 1975 rationem
470 1909 711 1993 provocandum
735 1929 805 1975 esse
821 1910 943 1992 statuit,
966 1911 1075 1976 nescio
1091 1912 1168 1993 quid
1190 1912 1271 1977 ratio

138 2026 201 2072 nos
232 2006 339 2086 iuvet,
369 2007 395 2072 si
425 2008 565 2090 exempli
597 2007 703 2089 gratia
730 2005 909 2090 quaeritur,
943 2014 1048 2072 utrum
1080 2006 1201 2074 ε’νελεεν
1229 2029 1272 2074 an

140 2101 275 2183 ἐ’νελειν,
299 2103 384 2185 quod
406 2111 576 2187 utrumque
598 2103 724 2170 codices
746 2110 920 2186 testantur,
944 2104 1087 2187 genuina
1109 2105 1149 2170 sit
1170 2104 1273 2170 torma

138 2200 334 2267 Herodotea.
379 2201 501 2281 Quodsi
525 2202 780 2268 demonstratum
799 2207 900 2282 esset,
930 2220 1110 2284 sermonem
1132 2201 1273 2267 Herodo-

139 2306 230 2364 teum
259 2299 340 2363 nihil
370 2306 442 2366 esse
468 2301 531 2366 nisi
565 2299 774 2366 recentiorem
811 2298 1094 2365 conformationem
1128 2299 1272 2365 eiusdem

139 2395 292 2477 dialecti,
325 2416 388 2478 qua
411 2398 494 2481 epici
515 2397 702 2479 utebantur,
731 2396 819 2461 illius
842 2396 1037 2481 comparatio
1062 2395 1170 2462 multis
1193 2396 1273 2462 dilli-

139 2494 315 2559 cultatibus
343 2495 466 2561 mederi
494 2502 613 2580 posset.
657 2495 700 2559 At
729 2512 834 2575 neque
864 2495 1028 2578 utriusque
1050 2495 1180 2562 dialecti
1203 2509 1273 2580 per-

138 2591 282 2675 petuitas
311 2589 530 2659 demonstrata
560 2599 624 2674 est,
655 2611 760 2674 neque
782 2591 967 2658 Dindorlius
988 2592 1022 2655 in
1045 2594 1273 2676 pertractanda

139 2688 282 2754 dialecto
305 2689 489 2756 Herodotea
518 2690 600 2774 epici
628 2689 785 2755 sermonis
814 2691 913 2756 habet
940 2690 1107 2756 rationem.
1152 2690 1273 2769 Quodsi

138 2785 277 2850 formam
307 2784 428 2852 datare
464 2787 638 2870 genuinam
667 2787 884 2853 Herodoteam
913 2807 985 2854 esse
1014 2787 1194 2870 contendit,
1230 2788 1273 2854 ad

139 2883 308 2948 arbitrium
331 2884 410 2948 mihi
432 2884 558 2950 videtur
582 2885 802 2967 quaestionem
825 2885 1061 2952 diiudicavisse.

228 2979 289 3059 Qui
323 2981 356 3045 in
388 2982 509 3048 talibus
542 2983 780 3065 quaestionibus
813 3003 834 3048 a
866 2982 1083 3066 grammaticis
1117 2983 1272 3049 auxilium

138 3078 243 3161 repeti
258 3098 354 3161 posse
374 3085 498 3163 putant,
520 3081 553 3145 in
568 3080 708 3145 maximo
724 3085 893 3145 versantur
908 3099 1024 3145 errore.
1047 3079 1101 3144 Sic
1115 3079 1274 3145 Abichtus

139 3174 323 3258 quaestioni
346 3175 387 3242 de
409 3177 515 3243 verbis
538 3177 708 3242 contractis
736 3177 771 3241 in
794 3181 838 3242 έω
863 3177 1104 3255 (Quaestionum
1132 3175 1173 3240 de
1195 3175 1273 3240 dial.

139 3273 219 3338 Her.
254 3273 417 3356 specimen
449 3275 481 3358 I;
521 3274 695 3356 Gottingae
730 3277 823 3350 1859)
857 3276 942 3339 hunc
974 3273 1135 3339 Eustathii
1167 3274 1272 3338 locum

139 3369 308 3453 proponit:
348 3370 420 3453 „Tb
444 3367 529 3458 παρ’
554 3369 633 3458 ἡμῖν
657 3369 755 3437 ἔπλει
769 3373 824 3437 καὶ
848 3370 939 3456 ἔρρει
962 3369 1057 3454 παρὰ
1079 3380 1152 3446 τοῖς
1162 3365 1270 3436 Ἴωσιν

141 3465 265 3533 ’ἔπλεεν
287 3469 345 3532 καὶ
368 3466 499 3553 ἐ’ρρεεν,
530 3463 576 3546 ὠς
598 3475 659 3555 τῆς
688 3493 719 3534 ει
743 3466 934 3553 ὃνφθόγμον
957 3472 1163 3553 τεμνομένης
1185 3464 1269 3552 παρ’

141 3562 261 3642 αὐτοῖς
290 3563 339 3643 εἷς
368 3562 471 3653 ἄμφω
500 3570 636 3632 ταῦτα.“
687 3565 745 3632 Oui
775 3566 956 3631 testimonio
986 3583 1113 3631 omnem
1145 3564 1271 3647 denego

140 3663 383 3745 auctoritatem,
407 3667 581 3747 antequam
604 3664 855 3730 demonstratum
875 3664 931 3744 sit,
954 3661 1175 3743 Eustathium,
1199 3681 1270 3726 cum

141 3760 184 3826 de
207 3760 385 3842 „Ionibus“
407 3762 598 3844 loqueretur,
620 3761 829 3828 recentiorem
851 3760 964 3825 ladem
987 3759 1117 3824 dixisse.

216 3857 315 3936 'Quid
346 3858 442 3942 igitur
474 3860 605 3942 mirum,
639 3859 725 3942 quod
756 3859 780 3923 ii
808 3857 862 3941 qui
890 3858 991 3923 altero
1019 3857 1108 3922 fonto
1140 3877 1271 3940 prorsus

141 3955 303 4039 neglecto,
319 3957 396 4023 solis
408 3956 570 4023 codicibus
580 3957 640 4039 usi,
655 3955 809 4022 adhibitis
819 3955 980 4021 interdum
992 3954 1270 4038 grammaticorum
