2828 4776
82 368 125 423 De
145 384 273 424 sonorum
291 368 487 436 affectionibus,
507 384 577 439 quae
594 371 781 441 percipiuntur
799 373 826 425 in
845 372 907 428 dial.
926 372 1087 428 neoloorioa.
1123 369 1185 432 355

147 564 168 606 σ
198 542 351 607 omittitur
383 543 417 605 in
450 541 565 608 mediis
598 542 781 608 vocabulis:
825 545 907 626 opitu
944 565 1002 628 pro
1038 543 1186 630 ἐποίησα

58 637 208 722 (Passov.
231 661 262 723 p.
286 645 404 715 earm).

145 739 185 802 In
207 736 270 803 fine
291 738 536 802 vocabulorum:
566 735 625 813 δός
647 762 706 819 μοι
734 739 957 821 pronuntiatur
986 741 1071 813 dora,
1100 746 1187 822 χθές

57 845 89 901 et
111 840 268 918 προχθές
291 843 325 898 ut
345 835 406 915 pal,
428 834 549 918 propte.

361 1277 486 1358 Orprmu
511 1278 592 1337 inter
613 1297 647 1337 so
667 1285 895 1359 permutantur.

145 1432 230 1496 Satis
259 1439 368 1494 notum
398 1439 446 1495 est
475 1429 562 1493 haud
590 1448 709 1513 paneas
746 1449 895 1502 sonorum
929 1429 1121 1496 mutationes
1155 1436 1187 1496 et

54 1529 145 1615 apud
161 1534 287 1594 veteres
303 1528 442 1593 Graeoos
458 1528 538 1592 etin
553 1527 751 1608 sanseritioa,
775 1529 886 1610 latina,
909 1527 1062 1609 umbrica,
1084 1548 1188 1594 roma·

55 1628 149 1708 niuis,
172 1626 363 1708 germanicis
380 1625 499 1707 linguis
515 1644 552 1689 eo
569 1623 659 1707 effiei,
677 1624 760 1706 quod
778 1645 909 1707 organa,
932 1645 1013 1707 quae
1030 1625 1186 1710 dicuntur,

54 1721 289 1813 pronuntiandi
311 1724 395 1787 inter
413 1742 448 1787 se
470 1728 713 1802 commutantur,
736 1723 901 1805 nostrique
915 1725 1068 1807 temporis
1083 1745 1187 1807 gram·

54 1822 193 1887 matieos
215 1820 387 1898 uetanismi,
410 1818 594 1898 labialismi‚
629 1819 813 1884 dentalismi
842 1821 1023 1886 nominibus
1050 1822 1109 1886 bns
1138 1822 1188 1887 lit·

55 1928 197 1986 terarum
226 1918 419 1982 mutationes
448 1916 531 1980 inter·
559 1934 594 1980 se
625 1916 819 1983 distinxisse.
865 1916 911 1982 Of.
939 1917 1037 1984 Curtii
1060 1920 1110 1983 El.
1134 1921 1186 1985 Et.

55 2039 88 2101 p.
113 2020 177 2081 416
200 2035 268 2097 sqq.
313 2015 403 2079 Idem
433 2014 530 2078 etiam
557 2014 601 2077 in
615 2012 753 2079 dialecto
775 2017 955 2081 neoloorioa
984 2016 1097 2081 eodem
1120 2016 1188 2082 fere

56 2114 155 2180 modo
178 2113 308 2196 saepius
330 2112 448 2176 laetum
472 2116 531 2175 est.

423 2329 449 2390 Ι.
495 2294 821 2396 Delabialismo.

147 2488 176 2558 1)
221 2480 343 2547 Tenuis
364 2480 532 2563 gutturalis
554 2504 584 2559 κ,
607 2490 761 2562 quantum
777 2503 836 2567 ego
859 2484 987 2566 quidem
1009 2486 1084 2567 seio,
1106 2505 1188 2550 nun-

55 2601 153 2666 quam
179 2580 255 2663 inp
278 2578 420 2658 transiit,
450 2596 554 2660 neque
582 2577 728 2645 frioativa
756 2580 837 2647 lenis
865 2605 884 2663 y
908 2581 951 2664 (Ji
980 2601 1078 2666 saepe
1105 2583 1141 2648 in
1170 2605 1186 2645 u

54 2685 181 2746 mutata
203 2696 274 2742 esse
295 2675 432 2741 videtur.
477 2676 670 2759 Exemplum
698 2679 832 2762 praebet
860 2678 1017 2746 dialeotus
1039 2679 1188 2746 macedo·

54 2779 141 2856 nien,
165 2774 220 2840 ubi
241 2794 299 2857 pro
322 2774 476 2840 adverbio
499 2784 609 2842 vetere
630 2783 776 2859 γοργῶς,
807 2777 891 2859 quod
921 2777 955 2842 in
981 2779 1094 2844 ueteris
1118 2778 1187 2843 dia·

54 2877 150 2942 leetis
164 2871 395 2938 recentioribus
410 2871 515 2956 yopyoi
531 2874 699 2951 (celeriter)
715 2874 832 2940 fantum
851 2880 908 2956 est,
932 2875 1031 2956 verpe
1048 2877 1186 2942 auditur.

54 2974 118 3039 Hie
140 2971 276 3035 fortasse
304 2988 345 3033 ex
374 2971 476 3035 vocali
502 2992 520 3033 o
543 2972 669 3053 spirans
691 2994 708 3033 o
737 2972 933 3038 irrationalis
955 2980 1033 3038 nata
1056 2982 1123 3057 est,
1153 2981 1188 3039 ut

54 3069 177 3154 gradus
198 3066 316 3133 inerint
337 3067 387 3132 hi:
410 3066 524 3151 γοργά,
547 3069 680 3150 promti,
705 3070 812 3151 rrorpri.
856 3070 1002 3141 Alterum
1024 3072 1187 3138 invenitur·

55 3170 91 3234 in
113 3165 252 3232 dialecto
275 3164 410 3229 looriua:
439 3164 519 3244 pomi
543 3164 628 3230 enim
650 3165 703 3230 vel
716 3165 802 3247 souu'
826 3165 1019 3250 (frixorium)
1043 3169 1186 3240 eiusdem

56 3264 167 3348 stirpis
190 3268 239 3328 est
261 3267 358 3345 atque
380 3269 473 3328 vetus
495 3260 663 3348 φώγανον.
709 3263 792 3327 Nam
815 3263 963 3329 frioativa
975 3263 1009 3346 s
1023 3265 1056 3329 in
1076 3289 1097 3345 χ
1120 3270 1186 3349 ety

11 3400 16 3407 ·
54 3364 89 3428 in
119 3384 137 3424 o
166 3358 378 3440 transierunt,
406 3361 453 3425 ita
481 3366 605 3443 tamen,
635 3367 670 3427 ut
697 3362 819 3426 vocalis
840 3381 876 3440 u,
905 3363 939 3426 in
968 3381 1063 3444 quam
1091 3381 1188 3427 voees

54 3456 286 3545 posterioribus
309 3458 507 3540 temporibus
529 3458 657 3541 saepius
680 3466 809 3540 exeunt,
832 3457 871 3524 of.
888 3454 1014 3522 ἀλωπώ
1038 3458 1142 3542 olopzi,
1166 3482 1186 3542 y

54 3557 198 3623 litteram
213 3553 450 3635 quodammodo
466 3555 509 3620 ad
523 3556 677 3621 labialem
693 3576 806 3621 sonum
829 3556 1010 3622 traduxisse
1027 3555 1186 3622 videatur.

41 3653 189 3721 Statuas
204 3650 301 3743 igitur
316 3651 401 3715 hana
416 3654 546 3718 seriem:
570 3649 737 3739 φώγανον,
745 3652 841 3736 sopri,
855 3652 972 3737 sopori,
989 3653 1080 3734 χουιὶ.
1104 3652 1186 3719 Inde

55 3752 238 3818 derivatum
261 3754 310 3814 est
329 3748 436 3828 χύυοῐι·
458 3752 527 3817 sive
548 3750 662 3834 χύγοΙί,
686 3751 776 3816 oinis.
822 3750 941 3817 Contra
962 3751 1097 3817 verbum
1121 3771 1186 3816 ma·

54 3849 244 3917 oodonieum
274 3846 396 3933 yoripa'o
425 3850 494 3914 sive
522 3849 622 3930 poprie
651 3847 736 3914 idem
759 3856 809 3915 est
836 3856 932 3930 atque
961 3855 1054 3914 vetus
1082 3847 1186 3932 γοάω,

54 3967 118 4030 qua
134 3967 175 4014 ex
190 3948 290 4031 stirpe
306 3956 383 4013 nata
398 3953 447 4013 est
462 3946 564 4011 forma
579 3946 681 4010 altera
692 3942 786 4027 βοάω
803 3945 945 4012 eiusdem
957 3946 1024 4012 fere
1036 3946 1186 4013 notionis.
