2828 4776
472 357 505 413 de
523 358 665 414 metathesi
681 373 788 427 graeca.
1123 356 1185 418 205

59 551 146 595 mum
172 532 206 595 iu
228 529 409 611 vocubulis,
439 549 522 611 quae
543 531 609 595 iam
631 551 651 596 a
672 530 834 612 primariis
861 529 1022 596 radicibus
1049 531 1186 598 formata

59 629 250 710 exstabant,
280 633 374 693 nutas
397 647 468 693 esse
490 629 656 711 probetur,
687 629 834 710 quamvis
857 627 917 692 hcc
939 627 1098 694 interdum
1120 630 1185 695 iam

60 725 294 808 antiquissimis
323 723 520 807 temporibus
548 725 666 790 iactum
695 727 752 807 sit,
781 731 815 789 ut
837 726 871 790 in
899 725 967 790 rad.
990 726 1100 807 indog.
1123 729 1184 809 pud
1242 722 1245 728 '

59 842 278 906 gnoscere,
315 842 452 905 gr.·scr·.
484 825 646 903 moti-ton,
680 824 831 904 graecoit.
865 825 1027 903 atroce-s,
1064 825 1184 886 tls-tou

56 920 210 985 vidimus.

146 1018 287 1083 Primum
315 1017 414 1083 affero
442 1016 523 1081 illud
545 1013 698 1098 βελ-τός,
721 1035 740 1081 e
763 1035 825 1098 qno
848 1017 924 1098 quin
946 1017 1064 1082 usitata
1085 1018 1187 1084 forma

58 1115 186 1203 βλητός
208 1124 278 1181 orta
299 1114 350 1196 sit,
374 1114 513 1179 dubitari
536 1134 601 1179 non
623 1119 745 1196 potest3
769 1134 787 1179 e
810 1114 963 1196 primaria
985 1133 1061 1179 vero
1078 1117 1186 1183 radice

58 1216 159 1279 etiam
189 1213 415 1297 *βε-βαλ-μαι
443 1219 503 1277 cet.
532 1212 613 1277 sicut
641 1210 840 1291 ἕ-σταλ-μαι
869 1219 928 1275 oet.
960 1230 978 1277 c
1005 1211 1073 1276 rad.
1104 1214 1186 1277 σταλ

58 1312 173 1387 (urst)
212 1311 342 1376 formari
377 1316 558 1393 potuerunt.
617 1310 687 1374 Lat.
721 1318 845 1390 ‚uro-tue
873 1315 904 1374 et
933 1329 979 1391 gr.
1011 1306 1185 1392 d-xpu-ror

58 1408 235 1488 «πολέμιοι
257 1409 341 1491 expl.
365 1407 517 1490 Hcsyeh.)
533 1427 551 1472 e
567 1406 755 1488 *phar-ras
770 1406 929 1488 prodiisse
944 1408 1070 1488 vulgari
1086 1409 1186 1474 (irae-

58 1524 171 1569 corum
199 1504 301 1570 forma
327 1502 467 1586 χαρ-τός
500 1504 704 1588 perspicuum
733 1501 817 1572 fit⁸⁰t
848 1503 934 1568 lam
955 1503 1065 1585 quidni
1089 1506 1185 1570 etiam

57 1599 204 1686 cop-169
232 1622 272 1667 ex
301 1598 455 1686 ταρ-τός,
484 1598 632 1684 tipus-rog
662 1621 702 1665 ex
732 1599 874 1684 βορ-τός
902 1609 962 1666 eet.
985 1609 1055 1666 crta
1077 1603 1186 1668 creda·
1280 1640 1282 1645 .

57 1699 157 1764 mus?
200 1698 294 1777 Quod
322 1717 419 1782 supra·
451 1707 480 1774 (t
504 1703 520 1762 7
545 1720 577 1763 n.
604 1702 675 1769 102)
700 1697 838 1763 diximus
860 1699 1001 1765 radicem
1023 1698 1081 1761 ber
1103 1720 1186 1766 cer·

56 1816 161 1863 nere
191 1798 224 1861 in
256 1798 347 1862 verbi
378 1797 594 1880 graeccitaliei
625 1796 841 1860 declinatione
871 1797 959 1861 haud
988 1796 1085 1862 dubie
1108 1800 1187 1864 inte-

57 1914 154 1976 gram
182 1892 282 1960 fuisse
310 1900 486 1976 servatam,
516 1912 615 1976 qnare
646 1894 877 1976 explicaretur,
909 1892 994 1974 quod
1017 1894 1132 1960 Graeci
1155 1904 1187 1962 et

56 1990 171 2056 Latini
198 1992 293 2057 aliter
320 2011 392 2058 eam
423 1993 645 2056 immutassent
673 1990 724 2060 (oi.
748 2000 850 2051 oratos
871 2021 914 2042 =
936 1986 1074 2073 κρῒ-τός
1103 1997 1186 2075 cet),

56 2088 95 2153 id
119 2090 184 2152 iam
205 2090 307 2156 latino
331 2100 442 2166 certus,
466 2088 551 2170 qnod
572 2089 684 2171 procul
708 2087 804 2151 dubio
826 2086 869 2151 ad
892 2088 1029 2152 eandem
1044 2088 1185 2154 radicem

56 2186 120 2248 lrer
150 2187 302 2268 pertinet,
333 2187 544 2253 confirmatur.
590 2185 679 2251 Idem
708 2203 785 2249 vero
809 2184 980 2249 dicendum
1003 2192 1052 2249 est
1076 2185 1116 2250 de
1138 2209 1187 2252 ra-

58 2283 136 2346 dice
165 2292 229 2365 ter,
258 2304 341 2366 quae
369 2283 456 2366 apud
480 2283 619 2348 Graecos
648 2289 724 2347 ante
746 2300 920 2347 consonam
942 2292 1077 2365 excepto
1100 2311 1116 2349 ν
1140 2287 1186 2359 (in

56 2379 212 2464 τόρ-νος)
241 2402 398 2464 nusquam
427 2387 555 2447 servata
584 2380 787 2463 conspicitur.
840 2379 924 2444 Nam
954 2399 1025 2443 cum
1046 2402 1106 2447 nec
1128 2385 1184 2449 lat.

58 2481 158 2540 tritus
187 2498 227 2543 ex
255 2476 410 2566 τρη-τός,
445 2498 505 2543 nec
533 2478 604 2543 vico
633 2497 727 2542 versa
749 2473 887 2559 τρη-τός
916 2495 957 2540 ex
980 2480 1088 2541 iri-tos
1111 2481 1187 2545 oriri

57 2575 216 2659 potuerit,
245 2582 380 2658 utraque
407 2575 509 2640 forma
536 2574 578 2639 ad
608 2574 758 2656 graecoit.
782 2578 936 2635 *ter-too
956 2575 1009 2638 vel
1032 2579 1187 2640 *tar-tou

57 2673 246 2739 revocanda
273 2675 342 2741 erit.
386 2675 424 2738 In
444 2674 500 2737 lat.
521 2674 654 2755 por-tio,
679 2672 841 2754 impertire
863 2671 931 2736 rad.
952 2692 1089 2755 pur-pur
1111 2683 1186 2740 ants

59 2771 266 2836 timmutata
294 2771 397 2853 stetit,
427 2790 482 2835 cur
509 2770 605 2851 igitur
627 2787 698 2833 cum
720 2770 902 2850 Brugmano
926 2774 1131 2852 πέ-πορ-ται
1155 2779 1187 2838 st

59 2868 186 2934 similes
208 2867 325 2934 formas
348 2868 508 2933 exstitisse
531 2885 695 2948 negemus,
719 2887 849 2949 prorsus
870 2886 935 2930 non
951 2865 1056 2933 video.
1100 2870 1186 2933 Num

59 2965 96 3030 in
126 2965 237 3045 glossa
269 2965 490 3048 Hesychiaua:
527 2961 698 3046 στάρ-τοι·
735 2963 770 3027 αἱ
798 2962 910 3042 τάξεις
939 2969 999 3026 τοῦ
1028 2964 1185 3051 πλήθους

58 3061 287 3142 antiquissima
308 3062 409 3127 forma
437 3061 562 3145 graecis
588 3058 757 3144 στρα-τὸς,
780 3058 947 3143 urna-adp
970 3069 1001 3125 et
1023 3063 1079 3127 lat.
1101 3069 1187 3126 rtru-

60 3169 112 3221 tus
141 3159 284 3225 subiecta
313 3160 519 3242 agnoscenda
541 3158 598 3238 sit,
629 3178 693 3222 non
716 3157 866 3222 diiudico.
912 3157 1087 3235 Quominus
1109 3181 1186 3226 vcro

58 3259 107 3321 ita
136 3263 328 3337 statuemus,
359 3257 420 3322 hoc
449 3262 536 3322 certe
557 3276 622 3319 non
644 3256 795 3338 impedit,
819 3254 990 3336 quodiam
1013 3264 1185 3339 antequam

59 3353 180 3418 Graeci
203 3360 235 3418 et
257 3354 363 3417 Latini
384 3354 606 3433 discesserant,
629 3354 663 3417 in
686 3351 855 3435 participio
878 3354 1054 3414 *stro-ros
1076 3374 1186 3419 secun·

59 3450 155 3514 daria
199 3449 318 3516 radicis
356 3451 457 3516 forma
494 3451 654 3517 exstitisse
690 3450 826 3515 videtur.
892 3450 976 3513 Nam
1014 3451 1186 3534 σταρ-τός

59 3555 216 3629 castra,
250 3567 321 3612 cum
351 3569 371 3614 a
392 3549 483 3614 uerbi
512 3547 728 3612 declinatione
750 3548 927 3612 seiunctum
950 3555 1035 3613 esset
1057 3555 1089 3614 et
1111 3570 1190 3631 quas

132 3808 165 3871 ⁸⁸)
184 3805 335 3863 Corssenus
360 3807 491 3876 ‘Ausspr.'
510 3807 550 3872 Il,
570 3810 619 3861 520
643 3821 755 3874 prorsus
778 3805 991 3874 improbabiliter
1014 3807 1060 3860 lat.
1079 3815 1187 3879 pro-tur

57 3889 161 3945 collato
189 3903 228 3956 gr.
255 3884 330 3960 χαρά
358 3902 372 3941 e
399 3886 478 3941 uerbo
505 3885 715 3951 denominativo,
742 3886 820 3940 cuius
844 3885 925 3955 stirps
951 3886 1062 3959 *pharo
1095 3887 1185 3955 luerit,

58 3969 148 4026 duxit.
