2828 4776
141 341 203 403 296
653 339 754 396 Ermau

141 523 209 600 tur,
240 537 310 582 cum
333 517 367 582 in
389 516 490 582 titulis
519 514 647 597 quidem
669 538 684 580 ε
706 515 920 598 praecedente
945 512 1053 578 vocali
1083 531 1209 596 semper
1226 511 1261 577 sit

140 616 304 702 elisum.*)

227 716 256 777 2.
278 712 519 778 Adiectivorum
534 719 768 778 contractorum
782 711 817 776 in
829 708 1023 791 eociormae,
1037 729 1122 792 quae
1134 712 1265 796 hucper-

142 811 257 892 tiuent‚
273 831 338 876 non
351 817 517 876 occurrunt
528 811 590 877 nisi
601 810 634 874 in
646 807 761 876 Olbiae
770 807 881 890 titulis,
891 809 945 891 qui
956 829 1154 892 quamquam
1166 829 1266 877 recen-

142 907 256 975 tissimi
268 916 351 991 sunt,
367 909 490 975 solutas
507 908 661 975 exhibent
675 907 811 973 formas:
831 910 999 992 χρυσέοις,
1022 902 1177 992 ἀργυρέῳ
1194 904 1267 992 139).

228 1009 257 1071 3.
302 1005 480 1073 Verborum
509 1007 630 1073 termae
658 1004 720 1070 huc
742 1009 928 1088 spectantes
950 1011 1120 1070 occurrunt
1150 1010 1215 1070 tres
1234 1004 1266 1069 in

141 1104 243 1170 titulis
266 1104 377 1188 quinto
400 1106 528 1172 saeculo
551 1104 693 1194 scriptis:

186 1213 284 1267 ποιοῖ
307 1199 372 1285 (13,
397 1201 452 1288 43)
751 1196 923 1285 duodecin
949 1193 1014 1281 (13,
1039 1197 1095 1284 51)

749 1295 926 1376 [elidendum
950 1299 1014 1378 (21,
1038 1295 1105 1380 21).

122 1406 127 1414 “
227 1399 345 1464 Forma
374 1406 537 1465 contracta
565 1408 664 1463 ποιοῖ
696 1404 728 1463 01
755 1396 860 1462 soluta
893 1389 1087 1481 ἀνωθεοίη,
1126 1417 1211 1479 quae
1239 1398 1269 1462 iu

145 1495 258 1562 eodem
281 1497 372 1561 titulo
394 1497 474 1562 Teio
496 1497 655 1579 leguntur,
678 1496 757 1562 satis
780 1494 1001 1560 demonstrant
1022 1490 1162 1562 similem
1177 1496 1269 1561 ratio·

145 1613 220 1659 nem
243 1593 416 1661 dialectum
436 1593 471 1659 in
492 1594 670 1660 tractandis
691 1593 801 1660 formis
824 1591 888 1659 illis
914 1598 1057 1659 secutam
1080 1612 1153 1660 esse
1176 1601 1270 1676 atque

144 1691 177 1755 in
199 1691 367 1774 genetiuis,
392 1691 432 1757 de
454 1692 569 1775 quibus
591 1712 687 1775 supra
710 1690 859 1758 diximus.
900 1691 984 1756 Nam
1007 1697 1039 1756 et
1061 1691 1114 1756 hic
1129 1696 1272 1758 contrac-

142 1796 210 1853 tam
232 1788 387 1855 habemus
408 1789 559 1872 formam,
589 1789 643 1854 ubi
668 1790 806 1872 vocalis,
830 1790 978 1870 solutam,
1012 1788 1067 1853 ubi
1089 1807 1270 1856 consonans

143 1887 314 1952 thematico
345 1911 361 1952 ε
391 1887 567 1969 antecedit,
597 1887 686 1954 cuius
715 1885 928 1953 distinctionis
948 1887 983 1951 in
1005 1886 1165 1954 Herodoti
1186 1887 1269 1954 codi-

144 1984 233 2050 cibus
255 1993 342 2050 certa
364 1985 501 2069 vestigia
522 2007 587 2052 non
610 1986 760 2052 videntur
782 1993 918 2066 exstare,
942 2004 1013 2050 cum
1028 1983 1170 2051 Bredow
1184 1984 1270 2070 apud

144 2082 235 2146 illum
259 2084 507 2150 contractionem
535 2092 567 2150 et
588 2084 622 2149 in
644 2084 684 2149 iis
706 2083 815 2149 formis
838 2083 984 2165 damnet,
1013 2082 1047 2146 in
1071 2083 1189 2165 quibus
1211 2091 1273 2149 tros

144 2186 334 2246 concurrunt
354 2183 495 2264 vocales,
525 2189 557 2248 et
579 2182 718 2249 Dindorl
739 2177 785 2264 (p.
808 2179 935 2265 XXIX)
963 2180 998 2245 in
1029 2180 1145 2246 eodem
1174 2181 1271 2248 verbo

144 2277 240 2344 modo
262 2287 458 2345 contractam
481 2280 576 2345 modo
599 2282 735 2348 solutam
758 2283 892 2349 formam
915 2282 1064 2366 proterat.

245 2539 263 2612 §
289 2539 338 2598 14.
381 2535 440 2600 DE
463 2535 659 2603 ALIARUM
681 2535 1167 2611 VOOALIUM.CONOURSU.

233 2691 260 2750 1.
305 2685 511 2754 Collisiouem
548 2691 707 2756 vocalium
736 2716 753 2755 e
784 2699 816 2759 et
845 2718 859 2758 s
891 2684 956 2759 iam
984 2690 1132 2758 Milesius
1165 2688 1271 2755 titulus

147 2781 229 2868 (12),
262 2784 321 2850 sub
344 2784 439 2850 linem
468 2788 588 2852 saeculi
610 2791 694 2855 sexti
716 2791 862 2874 scriptus,
892 2789 1109 2856 contractione
1133 2788 1269 2867 sustulit,

146 2901 218 2946 oum
240 2881 373 2947 formam
397 2883 1041 2974 0111111011ΤειχιούσηςθΤειχιοέσσης
1064 2892 1268 2951 contractam·

146 2979 277 3061 Duplex
306 2999 485 3048 consonans
506 2982 540 3047 iu
562 2984 622 3050 hoc
644 2993 679 3051 ut
700 2987 734 3052 in
759 2987 833 3053 aliis
848 2985 949 3052 titulis
963 2982 1194 3050 vetustioribus
1210 3001 1268 3048 uno

146 3081 305 3148 elemento
329 3078 584 3171 designatalest:

189 3176 462 3266 [Άπ]ολ[ων]ίόεω
487 3178 546 3265 (6),
559 3177 729 3245 Modiolus
746 3178 805 3266 (9),
828 3177 996 3266 constitae
1020 3174 1085 3262 (13,
1104 3175 1172 3263 35),
1186 3172 1269 3241 Ἁλι-

189 3275 403 3365 καρνατ[έω]ν
428 3275 493 3363 (21,
517 3277 562 3363 2),
579 3274 812 3345 Άπολωνίὸεω
837 3277 902 3362 (21,
929 3282 991 3352 10).

230 3379 383 3461 Reliquas
398 3376 631 3441 contractiones
646 3378 767 3442 vocalis
782 3401 800 3441 ο
823 3396 894 3441 cum
911 3372 1120 3456 sequentibus
1136 3371 1267 3438 diversis

146 3477 312 3545 vocalibus
340 3474 479 3540 breviter
507 3481 632 3539 tantum
661 3463 899 3540 enumeramus:
936 3470 1118 3537 Infinitivus
1154 3465 1266 3556 ὁρκοῦν

148 3575 214 3660 (21,
238 3573 293 3659 26)
317 3574 481 3656 vulgatam
504 3569 545 3636 de
568 3570 628 3637 hac
649 3571 751 3637 forma
773 3569 939 3646 confirmat
961 3568 1155 3652 opinionem.

215 3769 243 3837 *)
279 3767 336 3821 Iam
359 3766 469 3820 Renner
494 3764 522 3828 (l.
546 3762 564 3816 l.
583 3779 609 3831 p.
629 3769 689 3831 214)
714 3764 800 3819 forma
822 3762 893 3817 tituli
915 3747 1112 3817 Halicarnassii
1132 3755 1264 3828 Παναμύω

148 3847 280 3904 adductus
299 3854 347 3916 est,
365 3853 398 3904 11
409 3849 547 3904 elisionem
566 3845 722 3901 aBredcvio
740 3843 840 3898 finibus
858 3843 937 3899 nimis
955 3842 1022 3898 artis
1041 3840 1265 3909 circumscriptam

110 3942 114 3951 ·
148 3943 206 3982 esse
224 3928 398 3997 intelelgeret.
