2828 4776
520 349 552 404 ds
571 349 713 407 metathesi
729 364 835 419 graeca.
1173 347 1232 408 155

81 511 267 586 lucidus
299 521 487 604 composuit.
532 520 613 586 Rad.
643 521 795 605 primaria
827 521 887 584 dor
914 521 948 586 iu
973 541 1032 588 scr.
1056 522 1154 586 d-dor
1175 543 1234 591 re·

83 612 284 701 spicere,
306 638 352 701 gr.
377 613 529 703 άσό-άρα
553 619 654 700 (ouius
677 619 923 684 deformatione
939 618 1080 684 noudum
1096 627 1233 697 constat)

83 703 375 792 insaturetur.
399 737 430 800 p.
456 719 543 798 129),
576 723 714 800 cognata
743 722 791 783 est
812 714 880 781 rad.
904 715 986 778 άσνΙι
1013 735 1182 785 cernere
1202 738 1233 784 v.

81 801 104 876 ἓ
138 811 178 873 6.
221 815 330 897 Aptara
352 833 370 879 e
392 812 485 898 δρασ
506 813 620 881 eadem
642 815 762 880 vocalis
784 812 1032 896 amplificatione
1054 823 1156 882 ortum
1185 823 1235 884 est

81 915 170 977 (lua
190 932 281 994 τραγ
301 910 336 977 in
357 909 492 996 apoiy-ao
515 920 574 978 cet.
598 933 616 978 e
638 935 721 995 τραγ
742 913 776 976 in
798 931 863 976 aor.
888 910 1037 996 ἐ’τρανσν.

93 1089 105 1105 θ
144 1022 149 1028 ”
192 1011 241 1073 33.
265 996 412 1095 θράσσω
451 1017 482 1083 (e
513 1009 708 1094 *epos-jo,
745 1008 901 1092 eosq-jeu)
937 1009 1150 1093 frangendi
1179 1031 1234 1076 no·

77 1093 194 1169 tlone
226 1105 347 1172 dictum
370 1106 502 1173 Fickius
524 1129 555 1192 p.
580 1110 620 1173 19
643 1107 685 1171 ad
707 1126 767 1172 scr.
790 1106 862 1168 tort
891 1106 1076 1189 (sputu-atq,
1110 1109 1232 1175 sloveu.

72 1199 214 1291 Μὶν-ρ
242 1204 392 1280 contulit,
425 1202 609 1290 ταράσσειν
638 1211 830 1285 torquere
858 1206 1040 1287 segregavit
1061 1212 1093 1271 et
1116 1228 1146 1290 p.
1170 1209 1232 1272 363

67 1309 178 1368 eum
208 1304 265 1369 lat.
299 1311 432 1386 torqueo
468 1301 511 1367 ad
540 1321 649 1385 europ.
681 1302 749 1367 sad.
780 1301 853 1364 tarla
884 1302 1056 1368 revocavit.
1101 1302 1168 1369 Sed
1191 1337 1232 1351 -

65 1398 177 1465 utut
204 1399 244 1465 de
268 1407 375 1484 etymo
396 1399 602 1466 statuendum
625 1400 684 1466 erit
707 1435 748 1446 -
771 1420 841 1464 oum
863 1398 1033 1484 θράσσειν
1056 1401 1152 1466 etiam
1175 1422 1245 1486 pro*

61 1495 288 1581 ταράσσειν
320 1497 488 1563 turbare
521 1497 659 1579 dicatur,
693 1496 737 1562 ad
764 1498 825 1563 hoc
852 1504 958 1563 autem
988 1499 1068 1582 peri.
1090 1504 1233 1587 σέτρηχα

60 1596 277 1677 pertineat,
301 1593 433 1659 dubium
456 1614 526 1666 esse
549 1615 615 1661 uon
636 1602 758 1678 potest,
782 1596 859 1682 quin
882 1595 932 1660 his
956 1596 1103 1663 omnibus
1124 1597 1234 1664 formis

56 1696 221 1760 graeca
252 1691 346 1757 radix
378 1715 461 1776 σαρχ
494 1692 638 1758 subiecta
670 1693 727 1769 sit,
762 1712 780 1758 e
809 1713 872 1775 qua
894 1718 913 1776 ρ
936 1694 1112 1777 anticipato
1141 1718 1232 1779 νραχ,

56 1791 211 1855 rotali
232 1789 354 1856 inserta
375 1780 481 1873 ταράχ
502 1790 666 1875 prodierit.
707 1789 842 1856 Vetusta
863 1789 982 1856 radicis
1004 1791 1106 1858 forma
1128 1811 1235 1858 serva·

55 1878 159 1951 illl
176 1888 211 1952 in
233 1888 386 1972 Hesychii
409 1885 668 1973 glossiseoepqq·
695 1885 839 1972 ταραχή,
871 1893 1086 1971 tappulam·-
1107 1886 1234 1971 ταράσ·

58 1991 188 2051 σειν.
211 2022 254 2033 -
277 1986 340 2052 Vix
367 1992 454 2051 reete
482 1986 654 2051 thnerus
680 2005 726 2068 gr.
749 2006 796 2068 gr.
818 2007 850 2068 p.
875 1990 936 2050 576
969 1987 1026 2051 alii
1059 1991 1233 2070 proptera

58 2082 294 2149 productam
327 2080 498 2168 θράσσειν
532 2102 550 2148 e
581 2080 764 2167 ταράσσειν
799 2118 841 2128 -
874 2087 1096 2166 *τρα·ασσειν
1131 2090 1234 2149 ortum

61 2183 306 2262 mutaverunt,
330 2181 481 2264 quoniam
503 2173 558 2245 viis
579 2200 729 2262 umquam
751 2178 874 2264 liquida
889 2181 972 2246 inter
988 2180 1067 2246 duas
1081 2181 1234 2262 aequales

65 2278 235 2344 vocales
259 2279 366 2362 posita
387 2278 457 2344 loeo
478 2285 632 2359 movetur,
656 2278 822 2361 productio
837 2284 944 2344 autem
958 2277 1081 2343 vocalis
1096 2279 1232 2362 primum

69 2374 284 2441 Praesentis
306 2375 415 2441 formis
436 2376 569 2459 propria
596 2375 694 2441 fuisse
722 2374 862 2458 indeque
888 2374 931 2440 ad
960 2383 1084 2442 ceteras
1115 2375 1233 2441 formas

76 2460 263 2539 translata
285 2492 356 2539 esse
378 2479 493 2556 potest.

190 2575 241 2637 34.
264 2568 414 2655 θρασύς,
443 2570 578 2654 θράσος
607 2569 649 2634 ad
673 2569 818 2636 ordinem
839 2571 1017 2638 litterarum
1039 2572 1234 2638 recentiores

91 2657 222 2736 formas
250 2688 322 2735 esse
350 2688 445 2751 quam
467 2666 647 2752 depedace,
678 2666 829 2750 θάρσος,
859 2673 1000 2752 θαρσέω
1023 2676 1082 2735 cet.
1102 2669 1233 2754 collatis

100 2778 162 2833 scr.
180 2766 362 2842 άΙισνεΙια-ε,
385 2765 477 2831 send.
500 2765 626 2844 άσνασΙι,
648 2773 712 2848 got.
727 2767 906 2849 qudourseu
921 2765 1079 2850 firmatur3
1102 2766 1233 2849 linguae

106 2863 226 2931 sioven.
237 2871 269 2930 et
281 2863 392 2928 lituau.
405 2864 438 2927 in
451 2863 571 2926 eretz-u
581 2899 622 2910 -
631 2864 760 2951 dsqs-tcs
771 2871 831 2929 cet.
847 2865 1014 2930 seiunctim
1029 2865 1234 2931 metathesim

108 2960 313 3028 admiserunt.
342 2959 388 3025 cf.
412 2959 498 3026 Ourt.
514 2983 545 3045 p.
563 2964 635 3025 241.
680 2960 786 3025 Radix
808 2961 915 3044 indog.
941 2961 1038 3024 dhara
1056 2981 1074 3027 e
1090 2962 1171 3025 άΙιαν
1187 2963 1233 3037 (in

107 3077 160 3125 scu.
184 3058 312 3144 disto-s
339 3057 476 3138 fortis,
506 3064 731 3141 promptus,
769 3078 815 3140 gr.
845 3058 993 3134 θέλ-ια)
1023 3059 1234 3131 accedentes

106 3161 261 3233 natatui,
284 3174 315 3219 v.
338 3155 428 3220 Fiek.
452 3176 483 3238 p.
511 3160 600 3220 1014.
644 3156 694 3220 De
716 3155 853 3235 singulis
875 3175 950 3221 vero
966 3155 1075 3221 formis
1091 3156 1233 3236 Graecis,

106 3273 186 3337 quae
208 3254 272 3318 huo
293 3253 465 3334 pertinent,
488 3253 667 3317 accuratius
689 3251 816 3318 videtur
838 3245 1065 3336 exponendum
1088 3273 1168 3320 esse.
1192 3289 1233 3300 —

192 3357 219 3414 1.
244 3351 283 3415 Iu
328 3347 466 3419 dialecto
509 3350 615 3440 ionica
655 3340 798 3414 omnium
841 3352 978 3433 primum
1022 3348 1156 3434 θαρσύς
1199 3351 1232 3415 in

103 3446 236 3535 θρασύς
259 3447 354 3527 abiit,
384 3466 467 3529 quae
501 3447 603 3512 forma
639 3448 711 3512 sola
746 3453 795 3513 est
830 3448 968 3513 Homero
1006 3448 1139 3529 usitata;
1177 3447 1234 3512 ali-

103 3546 227 3628 quoties
249 3551 358 3611 tamen
380 3543 559 3628 θαρσύ-νω
585 3551 749 3624 servatur,
787 3543 873 3626 quod
904 3543 992 3628 apud
1012 3545 1136 3610 Atticos
1168 3544 1234 3610 iere

104 3663 230 3727 semper
250 3642 285 3707 in
308 3641 470 3729 θρασάνω
493 3662 621 3709 versum
643 3640 846 3723 conspicitur.
890 3639 997 3707 Etiam
1019 3642 1106 3725 apud
1121 3649 1234 3725 poetas

106 3739 229 3806 dorioos
260 3739 462 3823 (saepissime
482 3739 569 3824 apud
592 3737 777 3817 Pindarum)
807 3736 957 3822 θρασύς
974 3739 1076 3804 forma
1107 3741 1233 3824 legitur.

105 3839 227 3904 Tamen
264 3836 352 3902 haud
389 3836 485 3903 dubie
521 3837 694 3921 pleraeque
732 3835 863 3901 dialecti
900 3844 932 3901 et
963 3837 1071 3902 Attica
1108 3855 1233 3921 quoque

107 3933 221 4001 diutius
245 3932 379 4019 θαρσάς
406 3939 566 4000 vetustam
596 3934 729 3999 formam
760 3934 974 4012 retinuerunt,
1008 3934 1093 4016 quod
1126 3933 1234 4001 multis
