<?xml version="1.0" encoding="UTF-8"?>
<!DOCTYPE html PUBLIC "-//W3C//DTD XHTML 1.0 Transitional//EN"
    "http://www.w3.org/TR/xhtml1/DTD/xhtml1-transitional.dtd">
<html xmlns="http://www.w3.org/1999/xhtml" xml:lang="en" lang="en">
 <head>
  <title>
</title>
<meta http-equiv="Content-Type" content="text/html;charset=utf-8" />
  <meta name='ocr-system' content='tesseract 3.04.00' />
  <meta name='ocr-capabilities' content='ocr_page ocr_carea ocr_par ocr_line ocrx_word'/>
</head>
<body>
  <div class='ocr_page' id='page_1' title='image "./studienzurgriec02curtgoog_0141.png"; bbox 0 0 2828 4776; ppageno 0'>
   <div class='ocr_carea' id='block_1_1' title="bbox 144 358 794 431">
    <p class='ocr_par' dir='ltr' id='par_1_1' title="bbox 144 358 794 431">
     <span class='ocr_line' id='line_1_1' title="bbox 144 358 794 431; baseline -0.011 -8"><span class='ocrx_word' id='word_1_1' title='bbox 144 359 204 424; x_wconf 81' lang='lat'>130</span> <span class='ocrx_word' id='word_1_2' title='bbox 625 358 794 431; x_wconf 70' lang='lat' dir='ltr'>Sicgismuud</span> 
     </span>
    </p>
   </div>
   <div class='ocr_carea' id='block_1_2' title="bbox 141 529 1268 1396">
    <p class='ocr_par' dir='ltr' id='par_1_2' title="bbox 141 529 1268 1396">
     <span class='ocr_line' id='line_1_2' title="bbox 141 529 1268 616; baseline -0.003 -16"><span class='ocrx_word' id='word_1_3' title='bbox 141 541 257 600; x_wconf 88' lang='lat' dir='ltr'>natura</span> <span class='ocrx_word' id='word_1_4' title='bbox 293 530 432 616; x_wconf 83' lang='lat' dir='ltr'>positum</span> <span class='ocrx_word' id='word_1_5' title='bbox 468 529 566 597; x_wconf 82' lang='lat' dir='ltr'>luisse</span> <span class='ocrx_word' id='word_1_6' title='bbox 601 529 806 597; x_wconf 85' lang='lat' dir='ltr'>statuendum</span> <span class='ocrx_word' id='word_1_7' title='bbox 841 529 912 594; x_wconf 88' lang='lat' dir='ltr'>erit.</span> <span class='ocrx_word' id='word_1_8' title='bbox 957 530 1042 597; x_wconf 85' lang='lat' dir='ltr'>Nam</span> <span class='ocrx_word' id='word_1_9' title='bbox 1080 531 1153 612; x_wconf 82' lang='lat' dir='ltr'>hac,</span> <span class='ocrx_word' id='word_1_10' title='bbox 1188 538 1268 612; x_wconf 70' lang='lat' dir='ltr'>quse</span> 
     </span>
     <span class='ocr_line' id='line_1_3' title="bbox 141 617 1268 713; baseline -0.004 -17"><span class='ocrx_word' id='word_1_11' title='bbox 141 631 282 696; x_wconf 83' lang='lat' dir='ltr'>maxime</span> <span class='ocrx_word' id='word_1_12' title='bbox 304 647 469 713; x_wconf 87' lang='lat' dir='ltr'>syncopae</span> <span class='ocrx_word' id='word_1_13' title='bbox 490 626 618 709; x_wconf 84' lang='lat' dir='ltr'>favent,</span> <span class='ocrx_word' id='word_1_14' title='bbox 653 617 788 695; x_wconf 85' lang='lat' dir='ltr'>caedem</span> <span class='ocrx_word' id='word_1_15' title='bbox 822 626 974 701; x_wconf 87' lang='lat' dir='ltr'>facillime</span> <span class='ocrx_word' id='word_1_16' title='bbox 1003 625 1188 708; x_wconf 73' lang='grc' dir='ltr'><strong><em>ἀνάπτυξιν</em></strong></span> <span class='ocrx_word' id='word_1_17' title='bbox 1209 625 1268 701; x_wconf 81' lang='lat' dir='ltr'>stl-</span> 
     </span>
     <span class='ocr_line' id='line_1_4' title="bbox 142 724 1268 809; baseline -0.004 -16"><span class='ocrx_word' id='word_1_18' title='bbox 142 728 272 793; x_wconf 88' lang='lat' dir='ltr'>mittunt</span> <span class='ocrx_word' id='word_1_19' title='bbox 293 725 315 790; x_wconf 93' lang='lat' dir='ltr'>i.</span> <span class='ocrx_word' id='word_1_20' title='bbox 338 744 366 792; x_wconf 93' lang='lat' dir='ltr'>e.</span> <span class='ocrx_word' id='word_1_21' title='bbox 391 726 536 792; x_wconf 78' lang='lat' dir='ltr'>vocalem</span> <span class='ocrx_word' id='word_1_22' title='bbox 566 745 606 792; x_wconf 86' lang='lat' dir='ltr'>ex</span> <span class='ocrx_word' id='word_1_23' title='bbox 634 744 669 795; x_wconf 88' lang='lat' dir='ltr'>se</span> <span class='ocrx_word' id='word_1_24' title='bbox 703 725 884 809; x_wconf 82' lang='lat' dir='ltr'>explicant3</span> <span class='ocrx_word' id='word_1_25' title='bbox 917 724 952 790; x_wconf 91' lang='lat' dir='ltr'>id</span> <span class='ocrx_word' id='word_1_26' title='bbox 984 731 1093 792; x_wconf 85' lang='lat' dir='ltr'>autem</span> <span class='ocrx_word' id='word_1_27' title='bbox 1126 745 1196 792; x_wconf 84' lang='lat' dir='ltr'>cum</span> <span class='ocrx_word' id='word_1_28' title='bbox 1224 725 1268 791; x_wconf 76' lang='lat' dir='ltr'>ob</span> 
     </span>
     <span class='ocr_line' id='line_1_5' title="bbox 142 821 1258 907; baseline -0.004 -16"><span class='ocrx_word' id='word_1_29' title='bbox 142 845 209 893; x_wconf 92' lang='lat' dir='ltr'>rem</span> <span class='ocrx_word' id='word_1_30' title='bbox 224 822 293 891; x_wconf 89' lang='lat' dir='ltr'>fieri</span> <span class='ocrx_word' id='word_1_31' title='bbox 306 821 419 906; x_wconf 87' lang='lat' dir='ltr'>potuit,</span> <span class='ocrx_word' id='word_1_32' title='bbox 442 823 597 906; x_wconf 88' lang='lat' dir='ltr'>quianon</span> <span class='ocrx_word' id='word_1_33' title='bbox 618 823 768 889; x_wconf 81' lang='lat' dir='ltr'>clausura</span> <span class='ocrx_word' id='word_1_34' title='bbox 788 821 824 886; x_wconf 89' lang='lat' dir='ltr'>in</span> <span class='ocrx_word' id='word_1_35' title='bbox 845 821 956 905; x_wconf 87' lang='lat' dir='ltr'>aliqua</span> <span class='ocrx_word' id='word_1_36' title='bbox 978 824 1042 890; x_wconf 89' lang='lat' dir='ltr'>oris</span> <span class='ocrx_word' id='word_1_37' title='bbox 1063 828 1158 907; x_wconf 87' lang='lat' dir='ltr'>parte</span> <span class='ocrx_word' id='word_1_38' title='bbox 1178 821 1258 899; x_wconf 71' lang='lat' dir='ltr'>facte,</span> 
     </span>
     <span class='ocr_line' id='line_1_6' title="bbox 142 918 1268 1007; baseline -0.004 -17"><span class='ocrx_word' id='word_1_39' title='bbox 142 922 200 990; x_wconf 87' lang='lat' dir='ltr'>sed</span> <span class='ocrx_word' id='word_1_40' title='bbox 222 919 337 1007; x_wconf 90' lang='lat' dir='ltr'>spiritu</span> <span class='ocrx_word' id='word_1_41' title='bbox 358 938 416 1004; x_wconf 89' lang='lat' dir='ltr'>per</span> <span class='ocrx_word' id='word_1_42' title='bbox 437 919 594 1002; x_wconf 88' lang='lat' dir='ltr'>quasdam</span> <span class='ocrx_word' id='word_1_43' title='bbox 616 920 783 1003; x_wconf 81' lang='lat' dir='ltr'>angustias</span> <span class='ocrx_word' id='word_1_44' title='bbox 804 918 974 1002; x_wconf 74' lang='lat' dir='ltr'>paullatim</span> <span class='ocrx_word' id='word_1_45' title='bbox 996 919 1085 986; x_wconf 89' lang='lat' dir='ltr'>edito</span> <span class='ocrx_word' id='word_1_46' title='bbox 1110 919 1268 1004; x_wconf 76' lang='lat' dir='ltr'>protenu-</span> 
     </span>
     <span class='ocr_line' id='line_1_7' title="bbox 142 1017 1268 1103; baseline -0.004 -15"><span class='ocrx_word' id='word_1_47' title='bbox 142 1028 203 1103; x_wconf 81' lang='lat' dir='ltr'>uu,</span> <span class='ocrx_word' id='word_1_48' title='bbox 225 1017 272 1085; x_wconf 87' lang='lat' dir='ltr'>ita</span> <span class='ocrx_word' id='word_1_49' title='bbox 292 1024 327 1084; x_wconf 91' lang='lat' dir='ltr'>ut</span> <span class='ocrx_word' id='word_1_50' title='bbox 348 1018 471 1085; x_wconf 88' lang='lat' dir='ltr'>vocalis</span> <span class='ocrx_word' id='word_1_51' title='bbox 492 1037 591 1084; x_wconf 89' lang='lat' dir='ltr'>sonus</span> <span class='ocrx_word' id='word_1_52' title='bbox 612 1017 707 1084; x_wconf 78' lang='lat' dir='ltr'>facilc</span> <span class='ocrx_word' id='word_1_53' title='bbox 729 1017 855 1101; x_wconf 84' lang='lat' dir='ltr'>perlabi</span> <span class='ocrx_word' id='word_1_54' title='bbox 877 1018 1041 1100; x_wconf 85' lang='lat' dir='ltr'>tamquam</span> <span class='ocrx_word' id='word_1_55' title='bbox 1056 1024 1090 1085; x_wconf 91' lang='lat' dir='ltr'>et</span> <span class='ocrx_word' id='word_1_56' title='bbox 1104 1024 1268 1102; x_wconf 78' lang='lat' dir='ltr'>penetrare</span> 
     </span>
     <span class='ocr_line' id='line_1_8' title="bbox 143 1114 1268 1203; baseline -0.004 -19"><span class='ocrx_word' id='word_1_57' title='bbox 143 1117 260 1203; x_wconf 88' lang='lat' dir='ltr'>possit;</span> <span class='ocrx_word' id='word_1_58' title='bbox 289 1133 390 1199; x_wconf 90' lang='lat' dir='ltr'>quare</span> <span class='ocrx_word' id='word_1_59' title='bbox 416 1116 508 1197; x_wconf 81' lang='lat' dir='ltr'>ipsae</span> <span class='ocrx_word' id='word_1_60' title='bbox 536 1114 614 1180; x_wconf 87' lang='lat' dir='ltr'>illae</span> <span class='ocrx_word' id='word_1_61' title='bbox 643 1115 806 1198; x_wconf 84' lang='lat' dir='ltr'>quendam</span> <span class='ocrx_word' id='word_1_62' title='bbox 827 1114 951 1181; x_wconf 85' lang='lat' dir='ltr'>vocalis</span> <span class='ocrx_word' id='word_1_63' title='bbox 972 1135 1087 1185; x_wconf 92' lang='lat' dir='ltr'>souum</span> <span class='ocrx_word' id='word_1_64' title='bbox 1110 1115 1268 1182; x_wconf 86' lang='lat' dir='ltr'>continere</span> 
     </span>
     <span class='ocr_line' id='line_1_9' title="bbox 142 1210 1268 1300; baseline -0.003 -18"><span class='ocrx_word' id='word_1_65' title='bbox 142 1235 239 1300; x_wconf 90' lang='lat' dir='ltr'>posse</span> <span class='ocrx_word' id='word_1_66' title='bbox 267 1212 468 1288; x_wconf 79' lang='lat' dir='ltr'>dicuntur¹⁷).</span> <span class='ocrx_word' id='word_1_67' title='bbox 523 1213 639 1295; x_wconf 87' lang='lat' dir='ltr'>Itaque</span> <span class='ocrx_word' id='word_1_68' title='bbox 672 1211 795 1297; x_wconf 78' lang='grc' dir='ltr'><strong><em>καρδία</em></strong></span> <span class='ocrx_word' id='word_1_69' title='bbox 827 1230 887 1295; x_wconf 90' lang='lat' dir='ltr'>per</span> <span class='ocrx_word' id='word_1_70' title='bbox 917 1212 1036 1279; x_wconf 82' lang='lat' dir='ltr'>formas</span> <span class='ocrx_word' id='word_1_71' title='bbox 1068 1210 1268 1279; x_wconf 72' lang='lat' dir='ltr'>intermediam</span> 
     </span>
     <span class='ocr_line' id='line_1_10' title="bbox 143 1305 1268 1396; baseline 0 -19"><span class='ocrx_word' id='word_1_72' title='bbox 143 1310 311 1396; x_wconf 74' lang='grc' dir='ltr'><strong><em>*καραδια</em></strong></span> <span class='ocrx_word' id='word_1_73' title='bbox 333 1345 376 1359; x_wconf 88' lang='grc'>-</span> <span class='ocrx_word' id='word_1_74' title='bbox 398 1306 595 1394; x_wconf 54' lang='lat' dir='ltr'>staneches)</span> <span class='ocrx_word' id='word_1_75' title='bbox 624 1345 668 1357; x_wconf 88' lang='lat'><em>-</em></span> <span class='ocrx_word' id='word_1_76' title='bbox 694 1305 864 1393; x_wconf 66' lang='lat' dir='ltr'>*neeesse</span> <span class='ocrx_word' id='word_1_77' title='bbox 893 1309 926 1374; x_wconf 90' lang='lat' dir='ltr'>in</span> <span class='ocrx_word' id='word_1_78' title='bbox 955 1308 1080 1394; x_wconf 81' lang='grc' dir='ltr'><strong><em>κραδία</em></strong></span> <span class='ocrx_word' id='word_1_79' title='bbox 1107 1309 1268 1377; x_wconf 72' lang='lat' dir='ltr'>banchae</span> 
     </span>
    </p>
   </div>
   <div class='ocr_carea' id='block_1_3' title="bbox 34 1403 1268 1493">
    <p class='ocr_par' dir='ltr' id='par_1_3' title="bbox 34 1403 1268 1493">
     <span class='ocr_line' id='line_1_11' title="bbox 34 1403 1268 1493; baseline -0.008 -12"><span class='ocrx_word' id='word_1_80' title='bbox 34 1467 40 1481; x_wconf 94' lang='lat'>.</span> <span class='ocrx_word' id='word_1_81' title='bbox 143 1408 289 1476; x_wconf 77' lang='lat' dir='ltr'>conicere</span> <span class='ocrx_word' id='word_1_82' title='bbox 310 1406 395 1473; x_wconf 91' lang='lat' dir='ltr'>licet.</span> <span class='ocrx_word' id='word_1_83' title='bbox 440 1405 544 1485; x_wconf 77' lang='lat' dir='ltr'>Quam</span> <span class='ocrx_word' id='word_1_84' title='bbox 569 1405 613 1471; x_wconf 85' lang='lat' dir='ltr'>ad</span> <span class='ocrx_word' id='word_1_85' title='bbox 641 1425 709 1471; x_wconf 85' lang='lat' dir='ltr'>rem</span> <span class='ocrx_word' id='word_1_86' title='bbox 736 1404 928 1471; x_wconf 88' lang='lat' dir='ltr'>firmandam</span> <span class='ocrx_word' id='word_1_87' title='bbox 957 1428 1023 1472; x_wconf 91' lang='lat' dir='ltr'>nen</span> <span class='ocrx_word' id='word_1_88' title='bbox 1051 1407 1157 1472; x_wconf 91' lang='lat' dir='ltr'>solum</span> <span class='ocrx_word' id='word_1_89' title='bbox 1186 1403 1268 1493; x_wconf 83' lang='grc' dir='ltr'><em>σφό-</em></span> 
     </span>
    </p>
   </div>
   <div class='ocr_carea' id='block_1_4' title="bbox 143 1501 1268 2656">
    <p class='ocr_par' dir='ltr' id='par_1_4' title="bbox 143 1501 1268 2076">
     <span class='ocr_line' id='line_1_12' title="bbox 144 1501 1268 1592; baseline -0.004 -21"><span class='ocrx_word' id='word_1_90' title='bbox 144 1529 248 1592; x_wconf 76' lang='grc' dir='ltr'><strong><em>ραγος</em></strong></span> <span class='ocrx_word' id='word_1_91' title='bbox 270 1504 380 1571; x_wconf 82' lang='lat' dir='ltr'>arad.</span> <span class='ocrx_word' id='word_1_92' title='bbox 403 1524 510 1588; x_wconf 67' lang='lat' dir='ltr'>squery,</span> <span class='ocrx_word' id='word_1_93' title='bbox 533 1522 592 1568; x_wconf 87' lang='lat' dir='ltr'>scr.</span> <span class='ocrx_word' id='word_1_94' title='bbox 616 1501 935 1588; x_wconf 63' lang='lat' dir='ltr'>spbrqtllurt.176),</span> <span class='ocrx_word' id='word_1_95' title='bbox 958 1502 1103 1590; x_wconf 80' lang='grc' dir='ltr'><strong><em>σκόλοψ,</em></strong></span> <span class='ocrx_word' id='word_1_96' title='bbox 1127 1501 1268 1570; x_wconf 74' lang='grc' dir='ltr'><strong><em>σκολόπ-</em></strong></span> 
     </span>
     <span class='ocr_line' id='line_1_13' title="bbox 143 1598 1268 1685; baseline -0.003 -17"><span class='ocrx_word' id='word_1_97' title='bbox 143 1627 191 1668; x_wconf 81' lang='grc' dir='ltr'>τω</span> <span class='ocrx_word' id='word_1_98' title='bbox 277 1603 334 1667; x_wconf 89' lang='lat' dir='ltr'>lat.</span> <span class='ocrx_word' id='word_1_99' title='bbox 362 1601 470 1685; x_wconf 82' lang='lat' dir='ltr'>sculpo</span> <span class='ocrx_word' id='word_1_100' title='bbox 502 1600 557 1678; x_wconf 81' lang='lat' dir='ltr'>(ib.</span> <span class='ocrx_word' id='word_1_101' title='bbox 582 1602 651 1683; x_wconf 84' lang='lat'>57),</span> <span class='ocrx_word' id='word_1_102' title='bbox 685 1601 755 1666; x_wconf 87' lang='lat' dir='ltr'>sim.</span> <span class='ocrx_word' id='word_1_103' title='bbox 789 1600 965 1680; x_wconf 79' lang='lat' dir='ltr'>faciunt¹⁸)‚</span> <span class='ocrx_word' id='word_1_104' title='bbox 1001 1601 1057 1666; x_wconf 91' lang='lat' dir='ltr'>ubi</span> <span class='ocrx_word' id='word_1_105' title='bbox 1089 1598 1268 1668; x_wconf 77' lang='lat' dir='ltr'>metathesis</span> 
     </span>
     <span class='ocr_line' id='line_1_14' title="bbox 144 1696 1268 1782; baseline -0.004 -17"><span class='ocrx_word' id='word_1_106' title='bbox 144 1706 307 1782; x_wconf 86' lang='lat' dir='ltr'>tamquam</span> <span class='ocrx_word' id='word_1_107' title='bbox 328 1699 362 1764; x_wconf 92' lang='lat' dir='ltr'>in</span> <span class='ocrx_word' id='word_1_108' title='bbox 384 1696 492 1764; x_wconf 88' lang='lat' dir='ltr'>media</span> <span class='ocrx_word' id='word_1_109' title='bbox 512 1698 568 1762; x_wconf 84' lang='lat' dir='ltr'>via</span> <span class='ocrx_word' id='word_1_110' title='bbox 588 1697 768 1764; x_wconf 86' lang='lat' dir='ltr'>substitisse</span> <span class='ocrx_word' id='word_1_111' title='bbox 789 1698 952 1778; x_wconf 82' lang='lat' dir='ltr'>videatur,</span> <span class='ocrx_word' id='word_1_112' title='bbox 975 1734 1018 1745; x_wconf 86' lang='lat'><em>-</em></span> <span class='ocrx_word' id='word_1_113' title='bbox 1039 1697 1098 1766; x_wconf 88' lang='lat' dir='ltr'>sed</span> <span class='ocrx_word' id='word_1_114' title='bbox 1120 1717 1268 1769; x_wconf 86' lang='lat' dir='ltr'>nonuun-</span> 
     </span>
     <span class='ocr_line' id='line_1_15' title="bbox 145 1793 1268 1881; baseline -0.005 -18"><span class='ocrx_word' id='word_1_115' title='bbox 145 1817 241 1881; x_wconf 90' lang='lat' dir='ltr'>quam</span> <span class='ocrx_word' id='word_1_116' title='bbox 271 1796 367 1862; x_wconf 90' lang='lat' dir='ltr'>ctiam</span> <span class='ocrx_word' id='word_1_117' title='bbox 398 1794 433 1860; x_wconf 91' lang='lat' dir='ltr'>in</span> <span class='ocrx_word' id='word_1_118' title='bbox 465 1794 588 1860; x_wconf 89' lang='lat' dir='ltr'>eisdem</span> <span class='ocrx_word' id='word_1_119' title='bbox 621 1795 754 1862; x_wconf 85' lang='lat' dir='ltr'>vocibus</span> <span class='ocrx_word' id='word_1_120' title='bbox 786 1795 990 1881; x_wconf 80' lang='lat' dir='ltr'>metathesim</span> <span class='ocrx_word' id='word_1_121' title='bbox 1022 1801 1055 1861; x_wconf 94' lang='lat' dir='ltr'>et</span> <span class='ocrx_word' id='word_1_122' title='bbox 1087 1795 1149 1861; x_wconf 94' lang='lat' dir='ltr'>hoc</span> <span class='ocrx_word' id='word_1_123' title='bbox 1180 1793 1268 1860; x_wconf 84' lang='lat' dir='ltr'>modo</span> 
     </span>
     <span class='ocr_line' id='line_1_16' title="bbox 144 1889 1268 1977; baseline -0.003 -16"><span class='ocrx_word' id='word_1_124' title='bbox 144 1900 302 1961; x_wconf 87' lang='lat' dir='ltr'>tentatam</span> <span class='ocrx_word' id='word_1_125' title='bbox 335 1900 368 1962; x_wconf 89' lang='lat' dir='ltr'>et</span> <span class='ocrx_word' id='word_1_126' title='bbox 398 1898 501 1961; x_wconf 90' lang='lat' dir='ltr'>totam</span> <span class='ocrx_word' id='word_1_127' title='bbox 534 1892 709 1976; x_wconf 85' lang='lat' dir='ltr'>perfectam</span> <span class='ocrx_word' id='word_1_128' title='bbox 743 1893 965 1977; x_wconf 89' lang='lat' dir='ltr'>conspicimus.</span> <span class='ocrx_word' id='word_1_129' title='bbox 1010 1893 1064 1965; x_wconf 86' lang='lat' dir='ltr'>Sic</span> <span class='ocrx_word' id='word_1_130' title='bbox 1095 1901 1145 1959; x_wconf 88' lang='lat' dir='ltr'>est</span> <span class='ocrx_word' id='word_1_131' title='bbox 1166 1913 1187 1959; x_wconf 88' lang='lat' dir='ltr'>a</span> <span class='ocrx_word' id='word_1_132' title='bbox 1205 1889 1268 1958; x_wconf 82' lang='lat' dir='ltr'>rad·</span> 
     </span>
     <span class='ocr_line' id='line_1_17' title="bbox 144 1992 248 2076; baseline -0.01 -18"><span class='ocrx_word' id='word_1_133' title='bbox 144 1992 248 2076; x_wconf 75' lang='grc' dir='ltr'><strong><em>μαλκε</em></strong></span> 
     </span>
    </p>

    <p class='ocr_par' dir='ltr' id='par_1_5' title="bbox 144 2082 1268 2272">
     <span class='ocr_line' id='line_1_18' title="bbox 230 2082 1268 2172; baseline -0.004 -19"><span class='ocrx_word' id='word_1_134' title='bbox 230 2085 392 2172; x_wconf 83' lang='grc' dir='ltr'><strong><em>μαλκ-ό-ς</em></strong></span> <span class='ocrx_word' id='word_1_135' title='bbox 426 2083 588 2170; x_wconf 81' lang='grc' dir='ltr'><strong><em>(μαλακός</em></strong></span> <span class='ocrx_word' id='word_1_136' title='bbox 621 2085 709 2169; x_wconf 81' lang='lat' dir='ltr'>cxpl.</span> <span class='ocrx_word' id='word_1_137' title='bbox 738 2085 827 2164; x_wconf 84' lang='lat' dir='ltr'>Hes.)</span> <span class='ocrx_word' id='word_1_138' title='bbox 850 2122 891 2133; x_wconf 90' lang='lat'><em>-</em></span> <span class='ocrx_word' id='word_1_139' title='bbox 912 2084 1098 2167; x_wconf 61' lang='lat' dir='ltr'>poten-ag</span> <span class='ocrx_word' id='word_1_140' title='bbox 1120 2123 1163 2135; x_wconf 91' lang='lat'><em>-</em></span> <span class='ocrx_word' id='word_1_141' title='bbox 1183 2082 1268 2170; x_wconf 67' lang='grc' dir='ltr'><strong><em>βλάξ,</em></strong></span> 
     </span>
     <span class='ocr_line' id='line_1_19' title="bbox 144 2179 1118 2272; baseline -0.007 -19"><span class='ocrx_word' id='word_1_142' title='bbox 144 2189 268 2272; x_wconf 61' lang='lat' dir='ltr'>pilantur</span> <span class='ocrx_word' id='word_1_143' title='bbox 291 2191 361 2271; x_wconf 88' lang='lat' dir='ltr'>(pro</span> <span class='ocrx_word' id='word_1_144' title='bbox 383 2182 542 2268; x_wconf 68' lang='lat' dir='ltr'>*plen-g,</span> <span class='ocrx_word' id='word_1_145' title='bbox 565 2179 745 2264; x_wconf 78' lang='grc' dir='ltr'><strong><em>*μλακ-ια)</em></strong></span> <span class='ocrx_word' id='word_1_146' title='bbox 769 2180 846 2264; x_wconf 69' lang='grc' dir='ltr'><strong>οθῒ.,’</strong></span> <span class='ocrx_word' id='word_1_147' title='bbox 864 2183 902 2249; x_wconf 85' lang='lat' dir='ltr'>cf.</span> <span class='ocrx_word' id='word_1_148' title='bbox 928 2190 945 2260; x_wconf 65' lang='grc' dir='ltr'><strong>ξ</strong></span> <span class='ocrx_word' id='word_1_149' title='bbox 970 2187 1043 2248; x_wconf 83' lang='lat'>511.</span> <span class='ocrx_word' id='word_1_150' title='bbox 1067 2187 1118 2249; x_wconf 80' lang='lat'>69.</span> 
     </span>
    </p>

    <p class='ocr_par' dir='ltr' id='par_1_6' title="bbox 145 2278 1268 2545">
     <span class='ocr_line' id='line_1_20' title="bbox 230 2278 1268 2368; baseline -0.008 -19"><span class='ocrx_word' id='word_1_151' title='bbox 230 2305 250 2349; x_wconf 89' lang='lat' dir='ltr'>a</span> <span class='ocrx_word' id='word_1_152' title='bbox 279 2282 348 2349; x_wconf 88' lang='lat' dir='ltr'>rad.</span> <span class='ocrx_word' id='word_1_153' title='bbox 377 2305 476 2365; x_wconf 74' lang='grc' dir='ltr'><strong><em>ταρχι</em></strong></span> <span class='ocrx_word' id='word_1_154' title='bbox 509 2278 630 2367; x_wconf 79' lang='grc' dir='ltr'><strong><em>ταρχ-η’</em></strong></span> <span class='ocrx_word' id='word_1_155' title='bbox 654 2280 756 2359; x_wconf 81' lang='lat' dir='ltr'>(Hcs.)</span> <span class='ocrx_word' id='word_1_156' title='bbox 777 2317 818 2327; x_wconf 89' lang='lat'>—</span> <span class='ocrx_word' id='word_1_157' title='bbox 841 2279 1004 2368; x_wconf 82' lang='grc' dir='ltr'><strong><em>ταραχ-ή,</em></strong></span> <span class='ocrx_word' id='word_1_158' title='bbox 1025 2278 1186 2366; x_wconf 65' lang='lat' dir='ltr'>capacem</span> <span class='ocrx_word' id='word_1_159' title='bbox 1207 2283 1268 2362; x_wconf 83' lang='lat' dir='ltr'>(prc</span> 
     </span>
     <span class='ocr_line' id='line_1_21' title="bbox 145 2376 1268 2467; baseline -0.007 -21"><span class='ocrx_word' id='word_1_160' title='bbox 145 2380 322 2467; x_wconf 74' lang='lat' dir='ltr'>rapax-jor)</span> <span class='ocrx_word' id='word_1_161' title='bbox 346 2412 387 2425; x_wconf 89' lang='lat'><em>—</em></span> <span class='ocrx_word' id='word_1_162' title='bbox 409 2384 601 2465; x_wconf 79' lang='grc' dir='ltr'><strong><em>τέ-τρηχ-α,</em></strong></span> <span class='ocrx_word' id='word_1_163' title='bbox 630 2377 776 2464; x_wconf 78' lang='grc' dir='ltr'><em>θράσσω</em></span> <span class='ocrx_word' id='word_1_164' title='bbox 800 2383 870 2462; x_wconf 83' lang='lat' dir='ltr'>(pro</span> <span class='ocrx_word' id='word_1_165' title='bbox 892 2376 1048 2464; x_wconf 63' lang='lat' dir='ltr'>ceap-jur)</span> <span class='ocrx_word' id='word_1_166' title='bbox 1068 2383 1130 2444; x_wconf 82' lang='lat' dir='ltr'>cet.</span> <span class='ocrx_word' id='word_1_167' title='bbox 1153 2379 1191 2445; x_wconf 83' lang='lat' dir='ltr'>uf.</span> <span class='ocrx_word' id='word_1_168' title='bbox 1213 2377 1268 2455; x_wconf 67' lang='grc' dir='ltr'>Μ</span> 
     </span>
     <span class='ocr_line' id='line_1_22' title="bbox 145 2478 335 2545; baseline -0.032 0"><span class='ocrx_word' id='word_1_169' title='bbox 145 2501 176 2545; x_wconf 90' lang='lat' dir='ltr'>n.</span> <span class='ocrx_word' id='word_1_170' title='bbox 201 2483 242 2545; x_wconf 89' lang='grc'>33</span> <span class='ocrx_word' id='word_1_171' title='bbox 266 2478 335 2544; x_wconf 93' lang='lat' dir='ltr'>sim.</span> 
     </span>
    </p>

    <p class='ocr_par' dir='ltr' id='par_1_7' title="bbox 231 2569 1268 2656">
     <span class='ocr_line' id='line_1_23' title="bbox 231 2569 1268 2656; baseline -0.009 -17"><span class='ocrx_word' id='word_1_172' title='bbox 231 2573 354 2639; x_wconf 82' lang='lat' dir='ltr'>Eodem</span> <span class='ocrx_word' id='word_1_173' title='bbox 376 2591 453 2638; x_wconf 85' lang='lat' dir='ltr'>vcro</span> <span class='ocrx_word' id='word_1_174' title='bbox 474 2580 631 2656; x_wconf 85' lang='lat' dir='ltr'>spectant,</span> <span class='ocrx_word' id='word_1_175' title='bbox 656 2592 738 2656; x_wconf 88' lang='lat' dir='ltr'>quae</span> <span class='ocrx_word' id='word_1_176' title='bbox 761 2572 968 2656; x_wconf 81' lang='lat' dir='ltr'>Benicyus</span> <span class='ocrx_word' id='word_1_177' title='bbox 991 2570 1055 2638; x_wconf 80' lang='lat' dir='ltr'>‘Oa</span> <span class='ocrx_word' id='word_1_178' title='bbox 1072 2593 1103 2638; x_wconf 88' lang='lat' dir='ltr'>u.</span> <span class='ocrx_word' id='word_1_179' title='bbox 1119 2571 1200 2639; x_wconf 68' lang='lat' dir='ltr'>Oce?</span> <span class='ocrx_word' id='word_1_180' title='bbox 1214 2569 1268 2634; x_wconf 88' lang='lat' dir='ltr'>ll.</span> 
     </span>
    </p>
   </div>
   <div class='ocr_carea' id='block_1_5' title="bbox 44 2669 1268 2754">
    <p class='ocr_par' dir='ltr' id='par_1_8' title="bbox 44 2669 1268 2754">
     <span class='ocr_line' id='line_1_24' title="bbox 44 2669 1268 2754; baseline -0.004 -15"><span class='ocrx_word' id='word_1_181' title='bbox 44 2699 47 2706; x_wconf 61' lang='lat'>¹</span> <span class='ocrx_word' id='word_1_182' title='bbox 148 2672 189 2739; x_wconf 86' lang='lat' dir='ltr'>de</span> <span class='ocrx_word' id='word_1_183' title='bbox 211 2669 398 2738; x_wconf 88' lang='lat' dir='ltr'>metathesis</span> <span class='ocrx_word' id='word_1_184' title='bbox 420 2676 536 2736; x_wconf 82' lang='lat' dir='ltr'>namra</span> <span class='ocrx_word' id='word_1_185' title='bbox 562 2671 704 2754; x_wconf 89' lang='lat' dir='ltr'>protulit.</span> <span class='ocrx_word' id='word_1_186' title='bbox 749 2671 781 2736; x_wconf 94' lang='lat' dir='ltr'>Is</span> <span class='ocrx_word' id='word_1_187' title='bbox 804 2670 890 2737; x_wconf 89' lang='lat' dir='ltr'>enim</span> <span class='ocrx_word' id='word_1_188' title='bbox 912 2691 943 2754; x_wconf 92' lang='lat' dir='ltr'>p.</span> <span class='ocrx_word' id='word_1_189' title='bbox 968 2673 1009 2733; x_wconf 82' lang='lat'>24</span> <span class='ocrx_word' id='word_1_190' title='bbox 1031 2688 1101 2752; x_wconf 91' lang='lat' dir='ltr'>sqq.</span> <span class='ocrx_word' id='word_1_191' title='bbox 1131 2669 1268 2736; x_wconf 77' lang='lat' dir='ltr'>deeset</span> 
     </span>
    </p>
   </div>
   <div class='ocr_carea' id='block_1_6' title="bbox 146 2764 1268 3335">
    <p class='ocr_par' dir='ltr' id='par_1_9' title="bbox 146 2764 1268 3335">
     <span class='ocr_line' id='line_1_25' title="bbox 146 2764 1268 2849; baseline -0.007 -13"><span class='ocrx_word' id='word_1_192' title='bbox 146 2769 307 2836; x_wconf 86' lang='lat' dir='ltr'>subtiliter</span> <span class='ocrx_word' id='word_1_193' title='bbox 340 2767 487 2849; x_wconf 84' lang='lat' dir='ltr'>exposuit</span> <span class='ocrx_word' id='word_1_194' title='bbox 518 2768 552 2834; x_wconf 90' lang='lat' dir='ltr'>in</span> <span class='ocrx_word' id='word_1_195' title='bbox 584 2767 756 2834; x_wconf 87' lang='lat' dir='ltr'>veterrima</span> <span class='ocrx_word' id='word_1_196' title='bbox 788 2767 941 2832; x_wconf 88' lang='lat' dir='ltr'>Indorum</span> <span class='ocrx_word' id='word_1_197' title='bbox 972 2767 1087 2848; x_wconf 85' lang='lat' dir='ltr'>lingua</span> <span class='ocrx_word' id='word_1_198' title='bbox 1118 2764 1268 2832; x_wconf 88' lang='lat' dir='ltr'>interdum</span> 
     </span>
     <span class='ocr_line' id='line_1_26' title="bbox 147 2861 1268 2948; baseline -0.009 -16"><span class='ocrx_word' id='word_1_199' title='bbox 147 2867 294 2932; x_wconf 83' lang='lat' dir='ltr'>vocalem</span> <span class='ocrx_word' id='word_1_200' title='bbox 322 2870 397 2947; x_wconf 89' lang='lat' dir='ltr'>post</span> <span class='ocrx_word' id='word_1_201' title='bbox 416 2886 436 2926; x_wconf 80' lang='lat' dir='ltr'><strong><em>r</em></strong></span> <span class='ocrx_word' id='word_1_202' title='bbox 462 2884 534 2932; x_wconf 90' lang='lat' dir='ltr'>esse</span> <span class='ocrx_word' id='word_1_203' title='bbox 560 2865 800 2948; x_wconf 84' lang='lat' dir='ltr'>interpositam,</span> <span class='ocrx_word' id='word_1_204' title='bbox 838 2865 928 2930; x_wconf 86' lang='lat' dir='ltr'>velut</span> <span class='ocrx_word' id='word_1_205' title='bbox 957 2863 991 2928; x_wconf 91' lang='lat' dir='ltr'>in</span> <span class='ocrx_word' id='word_1_206' title='bbox 1024 2861 1189 2927; x_wconf 67' lang='lat' dir='ltr'>oberosta</span> <span class='ocrx_word' id='word_1_207' title='bbox 1215 2877 1268 2946; x_wconf 89' lang='lat' dir='ltr'>pm</span> 
     </span>
     <span class='ocr_line' id='line_1_27' title="bbox 148 2959 1268 3047; baseline -0.008 -20"><span class='ocrx_word' id='word_1_208' title='bbox 148 2962 304 3036; x_wconf 66' lang='grc' dir='ltr'><strong><em>αΙαᾶνεΙιῖι,</em></strong></span> <span class='ocrx_word' id='word_1_209' title='bbox 340 2961 519 3026; x_wconf 69' lang='lat' dir='ltr'>abbathiam</span> <span class='ocrx_word' id='word_1_210' title='bbox 547 2983 606 3047; x_wconf 90' lang='lat' dir='ltr'>pro</span> <span class='ocrx_word' id='word_1_211' title='bbox 637 2962 823 3035; x_wconf 73' lang='lat' dir='ltr'>abstrabunt,</span> <span class='ocrx_word' id='word_1_212' title='bbox 856 2962 1011 3024; x_wconf 73' lang='lat' dir='ltr'>tormenti</span> <span class='ocrx_word' id='word_1_213' title='bbox 1032 2980 1090 3043; x_wconf 91' lang='lat' dir='ltr'>pro</span> <span class='ocrx_word' id='word_1_214' title='bbox 1119 2959 1268 3031; x_wconf 66' lang='lat' dir='ltr'>*terrula</span> 
     </span>
     <span class='ocr_line' id='line_1_28' title="bbox 148 3052 1268 3146; baseline -0.002 -19"><span class='ocrx_word' id='word_1_215' title='bbox 148 3062 247 3144; x_wconf 80' lang='lat' dir='ltr'>(vulg.</span> <span class='ocrx_word' id='word_1_216' title='bbox 275 3061 436 3137; x_wconf 69' lang='lat' dir='ltr'>tracen),</span> <span class='ocrx_word' id='word_1_217' title='bbox 468 3061 585 3124; x_wconf 77' lang='lat' dir='ltr'>borota</span> <span class='ocrx_word' id='word_1_218' title='bbox 617 3081 676 3146; x_wconf 91' lang='lat' dir='ltr'>pro</span> <span class='ocrx_word' id='word_1_219' title='bbox 708 3060 804 3123; x_wconf 77' lang='lat' dir='ltr'>harto</span> <span class='ocrx_word' id='word_1_220' title='bbox 837 3060 907 3126; x_wconf 83' lang='lat' dir='ltr'>sim.</span> <span class='ocrx_word' id='word_1_221' title='bbox 929 3093 981 3136; x_wconf 85' lang='lat'>—-‚</span> <span class='ocrx_word' id='word_1_222' title='bbox 1003 3065 1154 3141; x_wconf 85' lang='lat' dir='ltr'>recteque</span> <span class='ocrx_word' id='word_1_223' title='bbox 1186 3052 1268 3125; x_wconf 76' lang='lat' dir='ltr'>send·</span> 
     </span>
     <span class='ocr_line' id='line_1_29' title="bbox 147 3152 1268 3242; baseline -0.005 -21"><span class='ocrx_word' id='word_1_224' title='bbox 147 3158 304 3242; x_wconf 75' lang='lat' dir='ltr'>dcdcrcqc</span> <span class='ocrx_word' id='word_1_225' title='bbox 326 3190 367 3211; x_wconf 90' lang='lat'>--</span> <span class='ocrx_word' id='word_1_226' title='bbox 390 3177 450 3223; x_wconf 88' lang='lat' dir='ltr'>scr.</span> <span class='ocrx_word' id='word_1_227' title='bbox 474 3158 625 3236; x_wconf 67' lang='lat' dir='ltr'>dodonec,</span> <span class='ocrx_word' id='word_1_228' title='bbox 650 3157 844 3239; x_wconf 61' lang='lat' dir='ltr'>coarctarem</span> <span class='ocrx_word' id='word_1_229' title='bbox 866 3190 909 3223; x_wconf 87' lang='lat'>-.=</span> <span class='ocrx_word' id='word_1_230' title='bbox 931 3176 990 3222; x_wconf 88' lang='lat' dir='ltr'>scr.</span> <span class='ocrx_word' id='word_1_231' title='bbox 1014 3155 1179 3229; x_wconf 63' lang='lat' dir='ltr'>bbortcsm,</span> <span class='ocrx_word' id='word_1_232' title='bbox 1210 3152 1268 3219; x_wconf 80' lang='lat' dir='ltr'>alia</span> 
     </span>
     <span class='ocr_line' id='line_1_30' title="bbox 148 3254 1268 3335; baseline -0.008 -14"><span class='ocrx_word' id='word_1_233' title='bbox 148 3255 291 3335; x_wconf 85' lang='lat' dir='ltr'>contulit,</span> <span class='ocrx_word' id='word_1_234' title='bbox 314 3275 375 3320; x_wconf 89' lang='lat' dir='ltr'>neo</span> <span class='ocrx_word' id='word_1_235' title='bbox 397 3257 502 3322; x_wconf 91' lang='lat' dir='ltr'>minus</span> <span class='ocrx_word' id='word_1_236' title='bbox 525 3262 611 3322; x_wconf 88' lang='lat' dir='ltr'>reete</span> <span class='ocrx_word' id='word_1_237' title='bbox 633 3256 763 3322; x_wconf 90' lang='lat' dir='ltr'>vocales</span> <span class='ocrx_word' id='word_1_238' title='bbox 785 3256 919 3321; x_wconf 90' lang='lat' dir='ltr'>caninas</span> <span class='ocrx_word' id='word_1_239' title='bbox 939 3277 959 3334; x_wconf 71' lang='lat' dir='ltr'>r</span> <span class='ocrx_word' id='word_1_240' title='bbox 981 3260 1013 3320; x_wconf 89' lang='lat' dir='ltr'>ct</span> <span class='ocrx_word' id='word_1_241' title='bbox 1035 3275 1090 3316; x_wconf 80' lang='lat' dir='ltr'>erc</span> <span class='ocrx_word' id='word_1_242' title='bbox 1105 3289 1148 3299; x_wconf 95' lang='lat'><strong>—</strong></span> <span class='ocrx_word' id='word_1_243' title='bbox 1163 3254 1200 3320; x_wconf 85' lang='lat' dir='ltr'>cf.</span> <span class='ocrx_word' id='word_1_244' title='bbox 1215 3268 1268 3316; x_wconf 72' lang='lat' dir='ltr'>scr.</span> 
     </span>
    </p>
   </div>
   <div class='ocr_carea' id='block_1_7' title="bbox 114 3466 1268 4023">
    <p class='ocr_par' dir='ltr' id='par_1_10' title="bbox 147 3466 1268 3862">
     <span class='ocr_line' id='line_1_31' title="bbox 219 3466 1268 3542; baseline -0.007 -14"><span class='ocrx_word' id='word_1_245' title='bbox 219 3475 250 3540; x_wconf 83' lang='lat'>¹⁷)</span> <span class='ocrx_word' id='word_1_246' title='bbox 269 3472 309 3528; x_wconf 80' lang='lat' dir='ltr'>Cf.</span> <span class='ocrx_word' id='word_1_247' title='bbox 328 3472 453 3535; x_wconf 86' lang='lat' dir='ltr'>Brueckc</span> <span class='ocrx_word' id='word_1_248' title='bbox 471 3471 660 3540; x_wconf 82' lang='lat' dir='ltr'>‘sprachleute&#39;</span> <span class='ocrx_word' id='word_1_249' title='bbox 685 3489 712 3542; x_wconf 89' lang='lat' dir='ltr'>p.</span> <span class='ocrx_word' id='word_1_250' title='bbox 733 3478 775 3538; x_wconf 81' lang='grc'>31,</span> <span class='ocrx_word' id='word_1_251' title='bbox 794 3479 821 3529; x_wconf 91' lang='lat' dir='ltr'>et</span> <span class='ocrx_word' id='word_1_252' title='bbox 839 3473 913 3528; x_wconf 75' lang='lat' dir='ltr'>sure.</span> <span class='ocrx_word' id='word_1_253' title='bbox 931 3488 959 3541; x_wconf 89' lang='lat' dir='ltr'>p.</span> <span class='ocrx_word' id='word_1_254' title='bbox 978 3475 1042 3525; x_wconf 79' lang='lat'><strong>676:</strong></span> <span class='ocrx_word' id='word_1_255' title='bbox 1074 3471 1205 3527; x_wconf 83' lang='lat' dir='ltr'>‘Genaucr</span> <span class='ocrx_word' id='word_1_256' title='bbox 1224 3466 1268 3521; x_wconf 83' lang='lat' dir='ltr'>he·</span> 
     </span>
     <span class='ocr_line' id='line_1_32' title="bbox 147 3546 1268 3623; baseline -0.005 -15"><span class='ocrx_word' id='word_1_257' title='bbox 147 3555 266 3611; x_wconf 84' lang='lat' dir='ltr'>trachtct</span> <span class='ocrx_word' id='word_1_258' title='bbox 282 3553 318 3608; x_wconf 87' lang='lat' dir='ltr'>ist</span> <span class='ocrx_word' id='word_1_259' title='bbox 336 3551 384 3607; x_wconf 87' lang='lat' dir='ltr'>der</span> <span class='ocrx_word' id='word_1_260' title='bbox 401 3551 532 3608; x_wconf 87' lang='lat' dir='ltr'>einschub</span> <span class='ocrx_word' id='word_1_261' title='bbox 550 3556 613 3616; x_wconf 85' lang='lat' dir='ltr'>(von</span> <span class='ocrx_word' id='word_1_262' title='bbox 629 3554 741 3608; x_wconf 85' lang='lat' dir='ltr'>vocalcn</span> <span class='ocrx_word' id='word_1_263' title='bbox 761 3554 806 3609; x_wconf 92' lang='lat' dir='ltr'>bei</span> <span class='ocrx_word' id='word_1_264' title='bbox 819 3554 884 3623; x_wconf 88' lang='lat' dir='ltr'>hqu.</span> <span class='ocrx_word' id='word_1_265' title='bbox 904 3552 1088 3618; x_wconf 66' lang='lat' dir='ltr'>unseleins</span> <span class='ocrx_word' id='word_1_266' title='bbox 1105 3551 1202 3606; x_wconf 86' lang='lat' dir='ltr'>vellere</span> <span class='ocrx_word' id='word_1_267' title='bbox 1215 3546 1268 3602; x_wconf 73' lang='lat' dir='ltr'>eut·</span> 
     </span>
     <span class='ocr_line' id='line_1_33' title="bbox 147 3631 1268 3704; baseline -0.004 -18"><span class='ocrx_word' id='word_1_268' title='bbox 147 3633 253 3704; x_wconf 83' lang='lat' dir='ltr'>taltung</span> <span class='ocrx_word' id='word_1_269' title='bbox 267 3634 346 3702; x_wconf 86' lang='lat' dir='ltr'>jener</span> <span class='ocrx_word' id='word_1_270' title='bbox 363 3633 392 3685; x_wconf 91' lang='lat' dir='ltr'>in</span> <span class='ocrx_word' id='word_1_271' title='bbox 410 3632 463 3687; x_wconf 88' lang='lat' dir='ltr'>den</span> <span class='ocrx_word' id='word_1_272' title='bbox 479 3639 632 3701; x_wconf 80' lang='lat' dir='ltr'>genennten</span> <span class='ocrx_word' id='word_1_273' title='bbox 651 3633 786 3689; x_wconf 82' lang='lat' dir='ltr'>tbncnden</span> <span class='ocrx_word' id='word_1_274' title='bbox 805 3635 898 3687; x_wconf 88' lang='lat' dir='ltr'>lautcn</span> <span class='ocrx_word' id='word_1_275' title='bbox 911 3632 1153 3688; x_wconf 83' lang='lat' dir='ltr'>wahrnchmbarcn</span> <span class='ocrx_word' id='word_1_276' title='bbox 1163 3631 1268 3687; x_wconf 61' lang='lat' dir='ltr'>sunuel</span> 
     </span>
     <span class='ocr_line' id='line_1_34' title="bbox 149 3702 1268 3781; baseline -0.003 -12"><span class='ocrx_word' id='word_1_277' title='bbox 149 3713 194 3777; x_wconf 84' lang='lat' dir='ltr'>dic</span> <span class='ocrx_word' id='word_1_278' title='bbox 210 3713 281 3769; x_wconf 87' lang='lat' dir='ltr'>auch</span> <span class='ocrx_word' id='word_1_279' title='bbox 298 3712 500 3780; x_wconf 84' lang='lat' dir='ltr'>vcrgcschcbne</span> <span class='ocrx_word' id='word_1_280' title='bbox 512 3714 606 3768; x_wconf 85' lang='lat' dir='ltr'>vocale</span> <span class='ocrx_word' id='word_1_281' title='bbox 622 3731 671 3769; x_wconf 85' lang='lat' dir='ltr'>ver</span> <span class='ocrx_word' id='word_1_282' title='bbox 687 3714 770 3769; x_wconf 89' lang='lat' dir='ltr'>ihnen</span> <span class='ocrx_word' id='word_1_283' title='bbox 788 3720 904 3781; x_wconf 80' lang='lat' dir='ltr'>crzeugt.</span> <span class='ocrx_word' id='word_1_284' title='bbox 933 3713 991 3767; x_wconf 80' lang='lat' dir='ltr'>Aut</span> <span class='ocrx_word' id='word_1_285' title='bbox 1007 3712 1161 3767; x_wconf 88' lang='lat' dir='ltr'>demsclbcn</span> <span class='ocrx_word' id='word_1_286' title='bbox 1175 3702 1268 3780; x_wconf 60' lang='lat' dir='ltr'>gmot‘</span> 
     </span>
     <span class='ocr_line' id='line_1_35' title="bbox 148 3792 1116 3862; baseline -0.003 -13"><span class='ocrx_word' id='word_1_287' title='bbox 148 3795 249 3849; x_wconf 89' lang='lat' dir='ltr'>heruht</span> <span class='ocrx_word' id='word_1_288' title='bbox 266 3793 310 3848; x_wconf 86' lang='lat' dir='ltr'>dic</span> <span class='ocrx_word' id='word_1_289' title='bbox 326 3792 478 3862; x_wconf 79' lang='lat' dir='ltr'>heufigkeit</span> <span class='ocrx_word' id='word_1_290' title='bbox 495 3793 542 3848; x_wconf 85' lang='lat' dir='ltr'>der</span> <span class='ocrx_word' id='word_1_291' title='bbox 559 3795 771 3850; x_wconf 88' lang='lat' dir='ltr'>metathesis</span> <span class='ocrx_word' id='word_1_292' title='bbox 789 3792 834 3849; x_wconf 89' lang='lat' dir='ltr'>bei</span> <span class='ocrx_word' id='word_1_293' title='bbox 852 3792 998 3850; x_wconf 86' lang='lat' dir='ltr'>denselbcn</span> <span class='ocrx_word' id='word_1_294' title='bbox 1015 3793 1116 3848; x_wconf 82' lang='lat' dir='ltr'>lauten.</span> 
     </span>
    </p>

    <p class='ocr_par' dir='ltr' id='par_1_11' title="bbox 114 3864 1268 4023">
     <span class='ocr_line' id='line_1_36' title="bbox 222 3864 1268 3945; baseline 0 -17"><span class='ocrx_word' id='word_1_295' title='bbox 222 3875 251 3940; x_wconf 71' lang='grc'>18)</span> <span class='ocrx_word' id='word_1_296' title='bbox 268 3874 352 3933; x_wconf 80' lang='lat' dir='ltr'>Plura</span> <span class='ocrx_word' id='word_1_297' title='bbox 369 3874 492 3942; x_wconf 85' lang='lat' dir='ltr'>exempla</span> <span class='ocrx_word' id='word_1_298' title='bbox 508 3874 592 3930; x_wconf 88' lang='lat' dir='ltr'>hahes</span> <span class='ocrx_word' id='word_1_299' title='bbox 610 3875 683 3945; x_wconf 85' lang='lat' dir='ltr'>apud</span> <span class='ocrx_word' id='word_1_300' title='bbox 694 3875 847 3930; x_wconf 86' lang='lat' dir='ltr'>Walterum</span> <span class='ocrx_word' id='word_1_301' title='bbox 865 3874 941 3928; x_wconf 80' lang='lat' dir='ltr'>‘tiber</span> <span class='ocrx_word' id='word_1_302' title='bbox 958 3873 1221 3936; x_wconf 79' lang='lat' dir='ltr'>vocalcmschiebuuo</span> <span class='ocrx_word' id='word_1_303' title='bbox 1229 3864 1268 3917; x_wconf 63' lang='lat'>1¹¹¹</span> 
     </span>
     <span class='ocr_line' id='line_1_37' title="bbox 114 3952 960 4023; baseline 0 -17"><span class='ocrx_word' id='word_1_304' title='bbox 114 3986 116 3991; x_wconf 85' lang='lat'>.</span> <span class='ocrx_word' id='word_1_305' title='bbox 148 3952 258 4022; x_wconf 80' lang='lat' dir='ltr'>griech&#39;</span> <span class='ocrx_word' id='word_1_306' title='bbox 275 3953 332 4009; x_wconf 87' lang='lat' dir='ltr'>KZ.</span> <span class='ocrx_word' id='word_1_307' title='bbox 349 3953 398 4019; x_wconf 88' lang='lat' dir='ltr'>XI,</span> <span class='ocrx_word' id='word_1_308' title='bbox 416 3958 465 4008; x_wconf 80' lang='lat'>428</span> <span class='ocrx_word' id='word_1_309' title='bbox 484 3971 540 4023; x_wconf 91' lang='lat' dir='ltr'>sqq.</span> <span class='ocrx_word' id='word_1_310' title='bbox 566 3953 629 4020; x_wconf 80' lang='grc' dir='ltr'>ΧΠ,</span> <span class='ocrx_word' id='word_1_311' title='bbox 647 3959 694 4009; x_wconf 80' lang='grc'>375</span> <span class='ocrx_word' id='word_1_312' title='bbox 714 3970 771 4023; x_wconf 89' lang='lat' dir='ltr'>sqq.</span> <span class='ocrx_word' id='word_1_313' title='bbox 789 3961 817 4009; x_wconf 90' lang='lat' dir='ltr'>ct</span> <span class='ocrx_word' id='word_1_314' title='bbox 834 3959 879 4008; x_wconf 78' lang='lat'>401</span> <span class='ocrx_word' id='word_1_315' title='bbox 902 3970 960 4023; x_wconf 89' lang='lat' dir='ltr'>sqq.</span> 
     </span>
    </p>
   </div>
   <div class='ocr_carea' id='block_1_8' title="bbox 0 0 1424 4776">
    <p class='ocr_par' dir='ltr' id='par_1_12' title="bbox 0 0 1424 4776">
     <span class='ocr_line' id='line_1_38' title="bbox 0 0 1424 4776; baseline 0 0"><span class='ocrx_word' id='word_1_316' title='bbox 0 0 1424 4776; x_wconf 95' lang='lat' dir='ltr'> </span> 
     </span>
    </p>
   </div>
  </div>
 </body>
</html>
