2828 4776
144 1454 195 1517 Ex
223 1450 321 1516 variis
349 1448 579 1531 linguis‘intcr
608 1468 650 1515 se*
672 1448 865 1532 comparatis
897 1449 1047 1534 princeps
1082 1468 1186 1531 gram·

56 1552 199 1616 maticae
227 1549 282 1614 lex
307 1568 328 1612 a
350 1548 428 1613 viris
457 1545 560 1614 doctis
587 1547 724 1631 probata
752 1553 800 1612 est
827 1547 924 1612 haec:
961 1545 1188 1629 Quaecumque

56 1669 209 1714 sonorum
233 1652 265 1712 et
286 1647 529 1711 consonantium
552 1653 584 1711 et
605 1646 764 1711 vocalium
783 1645 977 1710 mutationes
999 1652 1188 1729 appareant,

58 1767 116 1812 cas
144 1766 210 1811 non
237 1765 278 1810 ex
306 1743 441 1810 libidine
469 1753 525 1812 aut
546 1743 692 1824 licentia,
722 1742 781 1823 sed
810 1763 850 1809 ex
877 1742 1016 1807 naturali
1046 1742 1186 1825 quadam

59 1846 253 1911 necessitate
275 1844 358 1928 fieri,
381 1865 451 1910 cum
474 1844 637 1924 homines,
661 1840 896 1906 commoditatis
918 1839 1058 1922 quodam
1081 1840 1187 1906 studio

59 1942 157 2024 ducti,
180 1944 284 2026 magis
298 1943 465 2026 magisque
480 1941 567 2007 sonis
582 1941 627 2005 uti
642 1938 769 2005 soleant
783 1937 912 2017 talibus,
935 1939 1048 2020 quales
1063 1937 1189 2004 facilius

58 2040 125 2105 oris
147 2041 275 2122 organis
296 2041 457 2125 procreari
471 2039 606 2124 possint.
649 2037 740 2117 Quae
758 2035 954 2115 affectiones,
977 2036 1188 2119 aprincipiis,

60 2158 144 2219 quae
160 2139 214 2203 vix
229 2139 458 2223 percipiuntur,
482 2147 580 2219 ortae,
600 2135 718 2201 sensim
736 2132 955 2218 paulatimque
970 2131 1004 2197 in
1020 2132 1090 2198 dies
1105 2153 1189 2200 cres·

59 2243 137 2300 cunt
158 2243 255 2319 atque
276 2255 358 2319 quae
381 2242 429 2301 est
451 2241 484 2300 ct
504 2234 703 2316 loquentium
725 2240 758 2298 et
779 2252 929 2298 sonorum
950 2238 1067 2298 natura
1089 2237 1122 2297 ct
1142 2231 1190 2295 in-

60 2333 153 2399 doles
175 2333 281 2413 varia,
307 2334 431 2398 varium
454 2334 487 2397 in
510 2330 649 2413 modum,
673 2329 731 2396 sed
752 2351 818 2395 non
846 2331 916 2397 sine
939 2337 1025 2396 certa
1048 2328 1189 2411 quadam

59 2431 186 2496 ratione
200 2438 428 2515 propagantur.
471 2429 562 2509 Quae
576 2449 647 2494 cum
662 2428 708 2493 ita
723 2430 796 2511 sint,
820 2435 855 2494 ut
872 2427 1056 2494 recentioris
1071 2428 1188 2493 aetatis

60 2529 203 2611 linguae,
226 2529 289 2594 nisi
310 2530 432 2613 priores
446 2534 570 2594 aetates
585 2528 774 2610 respexeris,
799 2527 969 2609 exquibus
985 2546 1075 2592 suam
1093 2543 1190 2608 quae·

60 2645 123 2709 que
145 2625 300 2709 originem
322 2632 464 2710 repetat,
494 2631 581 2692 recte
602 2625 795 2708 penitusque
824 2623 986 2708 explorari
1014 2629 1188 2705 nequeunt,

61 2724 107 2787 ita
137 2724 318 2806 linguarum
341 2723 542 2806 antiquarum
565 2730 713 2789 naturam
736 2742 774 2788 ac
796 2723 895 2805 leges,
919 2720 1092 2786 dummodo
1111 2721 1189 2786 satis

60 2827 154 2886 caute
169 2820 432 2904 considerateque
446 2840 514 2886 rem
535 2821 746 2904 aggrediaris,
770 2821 928 2903 exemplis
943 2820 1037 2886 certis
1057 2827 1089 2886 et
1102 2820 1190 2885 lucu·

59 2918 158 2983 lentis
186 2938 227 2984 ex
254 2919 401 3003 proxima
436 2939 562 3001 quaque
590 2919 696 2984 aetate
725 2917 834 2983 allatis
866 2915 1101 2999 quodammodo
1135 2915 1188 2983 vel

60 3014 240 3080 confirmari
262 3017 316 3082 vel
339 3016 492 3101 explicari
514 3035 610 3098 posse
632 3015 710 3079 mihi
732 3034 920 3098 persuasum
942 3021 1000 3080 cst.

145 3113 260 3198 Itaque
280 3120 316 3179 ut
337 3112 379 3178 ad
399 3120 543 3179 veterum
559 3112 754 3179 Graecorum
775 3112 919 3194 linguam
941 3111 1119 3177 accuratius
1141 3112 1188 3177 in·

60 3211 280 3294 tellegendam
302 3211 535 3294 aliquantulum
558 3210 737 3290 conferam,
768 3209 971 3291 quaestiones
998 3208 1123 3275 institui
1146 3209 1187 3275 de

61 3308 163 3373 nostri
183 3308 336 3391 temporis
358 3308 497 3374 dialecto
520 3308 646 3388 locrica,
676 3307 788 3371 habita
808 3306 932 3370 ratione
954 3324 1079 3389 corum,
1104 3326 1188 3390 quae

59 3405 225 3471 veteribus
247 3406 279 3471 in
296 3404 444 3473 dialectis
466 3406 666 3489 reperiuntur
681 3404 801 3470 similia
815 3409 871 3468 aut
886 3402 1064 3469 dissimilia.
1103 3405 1185 3471 Neo·

58 3503 212 3567 locrioam
242 3510 348 3569 autem
373 3503 545 3570 dialectum
567 3522 638 3568 earn
660 3501 824 3585 intellego,
852 3520 916 3582 qua
943 3519 1029 3566 nunc
1056 3507 1189 3566 utuntur

58 3599 187 3666 incolae
202 3600 347 3667 Locridis
361 3600 554 3685 provinciae.
584 3600 813 3683 Exemplorum
836 3605 954 3679 tamen,
978 3617 1061 3680 quac
1082 3597 1187 3677 attuli,

60 3698 163 3762 multa
191 3698 399 3764 inveniuntur
431 3699 527 3765 etiam
557 3698 670 3764 ceteris
697 3697 731 3760 in
760 3694 916 3761 dialectis.
960 3694 1062 3760 Haec·
1078 3701 1187 3760 autem

59 3801 208 3861 accurate
230 3796 370 3862 intense
393 3795 590 3879 distinguere
615 3814 668 3860 res
696 3800 745 3859 est
767 3791 905 3859 difficilis
927 3799 959 3858 et
980 3812 1001 3858 a
1022 3793 1187 3877 proposito

59 3911 132 3959 mco
153 3893 272 3961 aliena.
