2828 4776
211 111 271 174 152
685 110 855 180 Siegismund

209 282 524 370 praeponereturlfl)
581 283 681 365 Igitur
717 283 815 366 longe
846 281 1046 366 probabilius
1083 282 1129 349 sio
1164 289 1401 348 statuetur:

208 381 339 452 Radiois
366 387 555 464 torquere
583 379 793 464 signifioantis
821 380 930 446 forma.
950 380 1180 463 graeeoitaliea
1202 377 1396 442 *torbo—

209 479 277 561 fuit,
301 498 319 544 e
341 498 404 561 qua
425 479 482 545 lat.
504 475 636 561 torqueo
660 498 707 561 gr.
730 482 845 563 τέρπω
875 476 1004 562 prodiit.
1025 511 1026 515 =
1049 478 1119 543 Iam
1152 496 1226 542 eum
1257 475 1395 542 hae&

209 576 456 660 formapropter
477 574 719 642 similitudinem
741 581 879 660 τέρπειν
901 575 991 641 verbi
1013 573 1223 640 delectare
1245 574 1390 656 signi—

209 673 335 740 tioantis
362 673 418 737 vix
444 693 503 757 per
531 673 662 755 longum
685 673 837 755 temporis
859 673 997 754 spatium
1019 670 1154 739 ferretur
1175 673 1283 754 itaque
1302 672 1386 736 im

210 776 324 856 τρέποι
356 778 547 852 verteretur,
581 769 751 835 tamenin
781 767 918 834 dialeoto
946 768 1056 851 aliqua
1076 805 1120 815 —
1142 769 1254 835 dorioa
1279 769 1386 833 ior-

210 875 298 935 tasse
319 905 360 914 -
373 869 434 934 hie
455 869 522 933 illio
550 866 706 950 pristinae
734 865 855 932 formae
883 872 918 930 ut
948 866 1030 931 illud
1057 865 1247 951 τετάρπετο
1270 868 1324 933 sirn
1341 915 1379 930 -

210 967 431 1034 servabantur.
453 1002 497 1012 -
517 965 624 1031 Etiam
649 961 804 1047 Ἀταρπιό
838 964 960 1029 Pareae
995 984 1130 1047 nomen,
1169 964 1255 1047 quod
1280 965 1380 1029 Lo·-

209 1064 345 1131 beokius
359 1065 382 1129 l.
397 1066 420 1129 l.
436 1083 507 1128 eum
524 1057 695 1143 ’Ἀτροπος
716 1061 903 1145 composuit,
926 1061 1016 1127 salvo
1032 1062 1213 1128 litterarum
1229 1061 1381 1128 ordine

211 1182 252 1230 ox
274 1160 519 1229 eadem'radioe
542 1159 700 1244 prodiisse
721 1158 858 1226 videtur.

297 1259 374 1325 20b.
397 1254 567 1343 ἀτραπός,
596 1252 785 1339 ἀτραπιτός
812 1263 938 1323 veteres
960 1275 979 1322 θ
1000 1261 1138 1343 τρέπειν
1160 1259 1262 1323 verbo
1285 1257 1378 1322 du-

211 1364 341 1439 xerunt,
375 1356 414 1420 el.
448 1354 604 1438 Hesyeh.:
642 1351 811 1436 ἀτραπός·
844 1351 924 1431 ὁδὸς
958 1351 1143 1439 ἄτρεπτος,
1176 1356 1319 1421 Eustath.
1348 1375 1375 1416 z

138 1445 144 1456 “
213 1453 312 1540 στενὴ
344 1451 425 1530 ὁδὸς
454 1453 510 1516 καὶ
539 1449 709 1538 διηνεκὴς,
732 1449 778 1535 μὴ
809 1449 931 1532 ἔχοντα
960 1450 1146 1537 ἐκτροπὰς,
1181 1448 1269 1518 καθ’
1298 1447 1379 1537 ἣν

213 1549 273 1618 οὐκ
307 1549 399 1616 ’ἐστιν
437 1547 656 1635 ἐκτραπῆναι.
700 1547 794 1626 Quod
829 1549 857 1614 si
893 1551 1097 1634 probaretur,
1135 1550 1377 1616 statuendum

213 1655 297 1716 esset
329 1648 411 1714 haee
442 1646 602 1712 voeabula
634 1645 784 1711 similiter
814 1650 912 1728 atque
925 1644 1090 1731 Ἄτροπος
1123 1667 1253 1714 nomen.
1277 1647 1377 1712 viru

211 1746 375 1831 passivam
397 1741 602 1810 oontinuisse.
646 1742 712 1808 Sed
741 1745 887 1824 quamvis
915 1765 957 1812 ue
984 1765 1060 1811 usus
1088 1745 1221 1827 quidem
1250 1764 1377 1829 repu-

211 1851 304 1928 gnet,
339 1862 452 1909 vereor
483 1849 519 1907 ut
549 1841 632 1906 illud
664 1840 875 1923 veriloquium
904 1843 1073 1926 probabile
1094 1843 1255 1910 videatur.
1298 1842 1378 1908 ut

212 1947 321 2008 autem
345 1940 503 2023 liquidam
531 1940 565 2003 in
594 1938 645 2004 his
673 1957 800 2020 quoque
829 1940 996 2006 voeabulis
1027 1940 1239 2026 anticipatam
1272 1955 1376 2006 esse

212 2039 389 2121 eradamus,
412 2038 521 2102 neseio
543 2056 586 2100 an
607 2035 703 2101 faeile
724 2034 931 2119 addueamur,
955 2038 1039 2120 quod
1061 2039 1149 2123 apud
1167 2039 1377 2105 Homerum

212 2133 366 2221 ἀταρπός
394 2142 426 2200 et
457 2129 645 2217 ἀταρπιτός
682 2133 787 2198 voeali
823 2136 1007 2218 praeposita
1043 2144 1156 2218 quater
1194 2137 1376 2220 leguntur

213 2238 254 2308 (P
267 2236 338 2314 743,
362 2238 390 2295 Σ
404 2235 476 2312 565,
501 2233 562 2311 ξ1,
587 2232 708 2313 ρ234),
731 2231 831 2296 semel
854 2239 977 2297 tantum
999 2229 1189 2318 ἀτραπιτός
1212 2240 1241 2314 (ν
1260 2237 1373 2311 195),

212 2331 247 2395 in
265 2330 442 2396 Attioorum
464 2333 572 2394 autem
594 2326 826 2394 consuetudine
849 2325 1002 2413 ἀτραπός
1024 2331 1126 2396 forma
1149 2330 1369 2397 dominatur·

214 2425 261 2493 cl.
285 2426 327 2492 de
357 2433 464 2510 etymo
486 2425 569 2490 iufra
591 2428 610 2504 §
634 2428 663 2490 8.
1291 2455 1294 2461 ·

300 2529 349 2588 21.
373 2519 565 2605 ἀστράπτω,
589 2519 746 2608 ἀστραπή
769 2521 812 2586 ad
841 2530 880 2587 st.
902 2521 1034 2608 (dloeap
1064 2525 1115 2603 (of.
1139 2546 1200 2591 sor.
1222 2536 1374 2588 otor-as

213 2623 269 2688 lat.
292 2621 383 2684 stello
404 2641 461 2705 pro
477 2617 639 2682 *ster-ale
661 2625 721 2684 eet.
738 2619 901 2699 etinira§
917 2625 983 2686 611.
1001 2625 1052 2699 76)
1068 2623 1216 2705 redeunt,
1239 2643 1258 2689 e
1280 2639 1374 2706 qua

213 2718 318 2786 vooali
339 2719 461 2785 inserta
482 2723 628 2801 στέροψ,
660 2715 810 2802 στεροπή
841 2724 900 2783 oet.
930 2718 1025 2785 dueta
1056 2727 1138 2786 sunt
1185 2720 1232 2785 Of.
1256 2719 1368 2786 Curt-

213 2835 244 2902 p.
257 2819 334 2881 ¹195.
363 2815 493 2898 Στίλβω
508 2816 640 2881 verbum
657 2821 726 2897 (pro
742 2819 941 2898 *οταρ-π-ιο
954 2854 995 2864 -
1007 2823 1212 2902 *στιρπ-ω)
1227 2837 1372 2901 regna:

213 2921 280 2980 tum
303 2933 374 2980 esse
397 2913 518 2996 primus
539 2914 701 2979 Walterus
723 2912 791 2978 ΚΖ.
813 2914 880 2979 Xll
903 2917 964 2979 379
987 2914 1166 2998 suspiratos
1189 2923 1248 2981 est.

300 3014 350 3075 22.
374 3015 489 3095 τρέφω
512 3029 615 3094 aeque
636 3033 674 3078 ao
702 3019 816 3097 τέρπω
845 3010 888 3076 ad
916 3011 1025 3094 indog.
1048 3010 1146 3096 *terp
1176 3012 1318 3080 satiari
1342 3051 1364 3087 7

213 3108 294 3174 lrui
316 3107 531 3173 revooandum
555 3128 627 3176 esse
649 3110 775 3175 eollatis
797 3129 857 3176 sor.
881 3119 969 3188 torp,
992 3109 1104 3177 lituan.
1128 3108 1253 3195 terp-ti,
1275 3114 1364 3194 got·

215 3203 406 3289 tbrrrf-stjeo
437 3211 496 3270 oet.
528 3225 633 3287 paene
667 3226 777 3275 omnes
810 3206 999 3273 oonoedunt.
1044 3207 1082 3272 V.
1106 3206 1192 3272 Ourt.
1216 3229 1247 3292 p.
1270 3212 1362 3271 rto-

214 3303 305 3368 Fiek.
328 3323 360 3385 p.
384 3305 456 3367 262.
500 3303 651 3385 Aliquam
672 3312 780 3370 autem
803 3303 1034 3369 dubitationem
1049 3311 1158 3370 movet
1179 3324 1220 3370 ea
1244 3303 1357 3376 notio,

215 3419 298 3484 quae
320 3398 514 3484 eouspieitur
535 3400 569 3465 in
597 3406 735 3488 τρέφειν
763 3399 864 3486 γάλα,
893 3400 1045 3488 τραφερή
1069 3403 1139 3467 sim.
1184 3402 1356 3468 Videntur

283 3550 316 3615 ⁴⁷)
333 3549 405 3604 Nam
421 3548 529 3605 facilius
546 3551 609 3606 talis
628 3552 751 3607 confusio
768 3550 827 3605 lieri
844 3555 965 3619 poterat,
990 3551 1014 3603 si
1036 3550 1138 3606 usitata
1156 3551 1263 3608 affectio
1280 3546 1350 3604 erat

215 3642 266 3684 neo
284 3629 424 3698 utriusque
442 3631 567 3685 vocabuli
584 3632 658 3687 notio
676 3632 786 3687 nimium
805 3631 939 3686 dissimilis
958 3646 1017 3687 esse
1034 3631 1183 3687 videbatur.
1212 3633 1251 3687 Cf.
1266 3629 1348 3684 utra

216 3713 231 3775 ἓ
251 3713 266 3763 6
285 3707 318 3762 de
336 3709 407 3764 hom.
425 3710 599 3782 τραπείομεν.
