2828 4776
147 336 207 397 174
521 425 523 432 γ
625 335 794 404 Siegismnnd
895 308 897 312 Ι

145 509 283 593 primum
316 505 422 573 fiotum
452 508 509 589 sit,
539 506 637 572 etiam
665 507 868 576 metathesim
891 507 932 572 ab
956 504 1070 572 eodem
1093 505 1240 571 adhibitam

146 626 217 673 esse
245 604 486 672 eoncedendum
516 604 585 670 erit.
608 641 649 650 —
673 605 787 686 Neque
814 605 880 670 alia
909 603 972 670 nisi
992 602 1127 668 metrica
1146 603 1241 668 ratione

146 704 326 787 explicatur

232 805 282 867 90.
308 799 493 885 διέφρασαι
514 798 626 881 forma,
650 819 734 881 quae
756 805 884 865 servata
899 796 996 863 estin
1011 798 1050 862 E.
1065 797 1108 861 Μ.
1125 799 1190 872 273,
1204 799 1243 858 tl:

145 895 232 982 παρ’
264 893 377 983 Ἰβύκῳ
401 897 448 971 (fr.
473 899 512 961 53
535 895 668 979 Bergk.)
692 894 784 962 ἐστὶν
814 895 993 982 ’ἑφθαρσαι
1016 895 1074 959 καὶ
1098 891 1178 958 κατὰ
1198 891 1245 956 ad·

145 1000 213 1072 θος
236 994 385 1082 ἐ’φαρσαι
409 995 465 1060 καὶ
488 990 576 1059 καθ’
600 990 791 1079 ὑπέρθεσιν
815 991 974 1080 ἐ’φρασαι.
1019 992 1056 1061 Si
1071 990 1245 1077 ἕῳρασαιτε

145 1113 223 1159 vera
251 1113 309 1176 pro
343 1090 521 1177 ἕφθαρσαι
550 1090 669 1156 dietum
701 1098 750 1156 est
770 1126 812 1136 -
834 1109 939 1173 neque
961 1090 1130 1170 habemus,
1152 1109 1202 1154 our
1218 1086 1246 1152 do

145 1191 207 1266 hae
228 1209 264 1256 re
279 1189 461 1256 dubitemus
476 1225 518 1234 -
533 1189 668 1254 formam
684 1187 908 1255 intermediam
923 1186 1041 1252 rectius
1065 1184 1244 1272 *ἔφθρασαι

19 1269 30 1294 '
144 1287 242 1354 fuisse
264 1294 450 1354 statuemus.
495 1285 542 1351 Of.
565 1287 645 1351 Loh.
668 1289 797 1370 p.·497.

230 1387 281 1448 91.
310 1388 496 1467 τρέμινθος
524 1405 582 1467 pro
605 1388 806 1467 τέρμινθος,
833 1386 1036 1465 τερέβινθος
1064 1378 1246 1446 aNieandm

146 1481 266 1547 dietum
299 1499 378 1547 esse>
404 1480 587 1547 Lobeekius
621 1483 643 1546 l.
666 1482 687 1545 l.
720 1482 829 1563 affert,
859 1488 908 1545 est
936 1499 1048 1545 versus
1076 1477 1171 1543 Ther.
1193 1480 1246 1542 811.

145 1577 294 1644 Concedo
319 1578 458 1643 dubitari
479 1599 585 1662 posse,
609 1600 652 1644 an
667 1579 726 1643 illa
740 1579 842 1643 forma
856 1598 922 1642 non
936 1596 1067 1660 prorsus
1082 1596 1103 1641 a
1117 1571 1245 1656 loquend'

145 1675 376 1742 eonsuetudIne
391 1676 499 1741 aliena
513 1676 618 1743 fuerit.
659 1676 725 1743 sed
739 1674 826 1741 idem
842 1673 1006 1746 Nieander
1020 1672 1170 1756 Alexiph.
1183 1692 1209 1735 v.
1219 1674 1246 1734 61

231 1776 281 1837 92.
304 1770 495 1856 βλασάμοιο
517 1773 646 1839 videtur
667 1793 822 1855 novasse3
844 1793 911 1838 aoo.
926 1770 1101 1855 βάλσαμον
1116 1768 1247 1854 producta

143 1871 345 1954 paenultima
367 1876 470 1936 metro
491 1871 549 1938 ille
570 1871 833 1937 accommodavit.

231 1967 284 2032 Ad
311 1974 458 2051 poetam,
488 1969 543 2051 qui
572 1968 764 2053 daetylioum
786 1975 922 2034 metrum
944 1965 1101 2046 adhibuit,
1134 1964 1248 2030 fortasse

230 2068 270 2129 92
280 2066 310 2129 h.
324 2066 478 2150 Hesyohii
490 2068 600 2149 glossa
610 2066 962 2150 pertinetauatnluao·
975 2063 1162 2149 καθήλατο,
1173 2079 1248 2144 quam

143 2181 214 2227 eum
244 2163 317 2229 aliis
345 2163 463 2245 glossis
492 2164 527 2228 in
556 2163 626 2230 eod.
650 2164 815 2230 eoniusam
841 2161 1022 2229 Meinehius
1052 2161 1168 2226 Philol.
1189 2157 1246 2236 XII,

81 2305 83 2309 -
144 2264 204 2325 608
228 2260 374 2326 restituit.
419 2261 555 2343 Iniuria,
579 2260 641 2327 nisi
663 2260 767 2342 fallor,
790 2262 833 2326 M.
856 2258 1105 2342 Sehmidtius⁰²),
1128 2258 1199 2341 quia
1216 2261 1246 2330 (n.

146 2362 238 2435 1652)
269 2358 443 2442 praeoedat
469 2358 584 2424 similis
606 2360 716 2440 glossa
738 2359 945 2424 κατέπαλτο·
969 2355 1157 2444 assaraco,
1178 2354 1247 2418 iham

142 2455 269 2521 eireulis
292 2455 512 2522 oiroumdedit.
557 2457 645 2522 Inter
660 2461 828 2538 utramque
843 2455 928 2521 enim
944 2461 1016 2520 ooto
1030 2454 1160 2536 glossae
1174 2453 1248 2516 inter-

143 2551 271 2634 oedunt,
296 2572 354 2618 eae
376 2560 484 2619 autem
506 2553 684 2619 litterarum
700 2552 804 2618 ordini
818 2554 902 2619 bene
917 2552 1123 2618 conveniunt.
1146 2552 1248 2614 'lamen

142 2665 195 2713 res
219 2647 316 2714 dubia
339 2657 457 2716 manet.
1107 2711 1109 2715 ,
1136 2704 1139 2708 ,

228 2745 322 2824 Quod
337 2747 520 2813 Lobeekius
542 2769 573 2831 p.
590 2753 652 2813 500
668 2746 784 2812 Indiae
799 2755 951 2829 montem,
976 2747 1030 2829 qui
1045 2745 1143 2828 vulgo
1158 2748 1248 2821 Παρο-

142 2839 310 2923 πάμισος,
349 2865 370 2909 a
397 2844 555 2930 Dionysio
590 2845 714 2928 Perieg.
738 2843 964 2929 Παρπανισός
997 2842 1180 2909 nominetur
1211 2835 1247 2920 (ol.

141 2939 234 3005 Path.
257 2940 352 3024 proll.
375 2946 460 3024 415),
483 2962 504 3008 a
526 2943 644 3008 Nonno
666 2949 728 3016 (est
749 2963 780 3006 v.
796 2943 920 3024 XXVI,
943 2946 996 3018 51)
1019 2937 1246 3021 Προπάνισσος

142 3035 262 3101 dietum
285 3058 357 3104 esse
379 3039 481 3122 affert,
504 3059 569 3103 non
592 3040 654 3110 huo
675 3039 824 3122 pertinet.
868 3040 957 3104 Haeo
979 3037 1065 3104 enim
1087 3036 1187 3101 forma
1200 3050 1247 3099 non

141 3136 312 3202 metathesi
335 3155 376 3201 ex
399 3136 547 3221 Dionysii
562 3135 799 3220 Παρπανισός,
822 3135 882 3202 sed
904 3131 1088 3220 syncope
1112 3153 1152 3198 ex
1165 3133 1247 3197 forma

140 3231 390 3315 Παροπάνισος
420 3231 713 3316 (Παροπάνισσος)
736 3255 756 3300 a
778 3235 946 3318 Stephano
969 3234 1046 3317 Byz.
1070 3230 1186 3296 tradIta
1206 3223 1244 3301 (ol.

142 3330 309 3405 Benseleri
326 3330 422 3396 ‘Wth
439 3330 534 3414 dgr.
551 3332 622 3396 En!
638 3352 670 3414 p.
690 3336 783 3408 1140)
800 3331 895 3396 dueta
910 3337 952 3413 et,
968 3334 1124 3420 qnantum
1139 3327 1245 3399 seimus,

142 3447 163 3492 a
184 3433 283 3510 poeta
304 3436 426 3493 novata
449 3436 508 3494 est.

226 3524 292 3590 Sed
314 3526 395 3591 haee
417 3527 584 3591 haetenus.
628 3526 757 3591 Aooedo
777 3525 820 3592 ad
841 3526 908 3590 alia
930 3523 1090 3607 quaedam
1106 3517 1244 3601 exemplo.

226 3625 277 3687 93.
301 3624 328 3687 Ε
351 3623 420 3687 rad.
443 3647 592 3707 μαρ-μερ
617 3627 799 3708 (μείρομαι)
822 3620 996 3688 seeundum
1021 3622 1059 3687 E.
1080 3621 1122 3697 Μ.
1138 3614 1244 3698 334,10

159 3930 179 3985 ,ἵ
210 3853 243 3919 ⁸²)
260 3852 288 3906 Is
305 3853 422 3920 glossam
441 3852 524 3906 refert
541 3853 576 3909 ad
597 3859 619 3904 Τ
635 3857 694 3919 351,
714 3853 761 3907 uhi
779 3820 844 3907 sane
862 3852 949 3906 solum
966 3852 1118 3904 κατέπαλτο
1136 3851 1201 3904 reete
1214 3842 1241 3895 le·

140 3947 167 3999 gl
180 3948 219 3984 Uf-
566 3952 570 3961 “
1030 3950 1032 3953 ’
