<?xml version="1.0" encoding="UTF-8"?>
<!DOCTYPE html PUBLIC "-//W3C//DTD XHTML 1.0 Transitional//EN"
    "http://www.w3.org/TR/xhtml1/DTD/xhtml1-transitional.dtd">
<html xmlns="http://www.w3.org/1999/xhtml" xml:lang="en" lang="en">
 <head>
  <title>
</title>
<meta http-equiv="Content-Type" content="text/html;charset=utf-8" />
  <meta name='ocr-system' content='tesseract 3.04.00' />
  <meta name='ocr-capabilities' content='ocr_page ocr_carea ocr_par ocr_line ocrx_word'/>
</head>
<body>
  <div class='ocr_page' id='page_1' title='image "./studienzurgriec02curtgoog_0367.png"; bbox 0 0 2828 4776; ppageno 0'>
   <div class='ocr_carea' id='block_1_1' title="bbox 239 370 901 443">
    <p class='ocr_par' dir='ltr' id='par_1_1' title="bbox 239 370 901 443">
     <span class='ocr_line' id='line_1_1' title="bbox 239 370 901 443; baseline -0.005 -11"><span class='ocrx_word' id='word_1_1' title='bbox 239 370 305 432; x_wconf 78' lang='lat'>356</span> <span class='ocrx_word' id='word_1_2' title='bbox 705 374 901 443; x_wconf 84' lang='lat' dir='ltr'>Chalkiopulcs</span> 
     </span>
    </p>
   </div>
   <div class='ocr_carea' id='block_1_2' title="bbox 232 546 1360 2389">
    <p class='ocr_par' dir='ltr' id='par_1_2' title="bbox 236 546 1354 731">
     <span class='ocr_line' id='line_1_2' title="bbox 237 546 1354 636; baseline 0.004 -25"><span class='ocrx_word' id='word_1_3' title='bbox 237 546 344 611; x_wconf 86' lang='lat' dir='ltr'>Radix</span> <span class='ocrx_word' id='word_1_4' title='bbox 366 547 451 612; x_wconf 90' lang='lat' dir='ltr'>enirn</span> <span class='ocrx_word' id='word_1_5' title='bbox 468 547 643 612; x_wconf 91' lang='lat' dir='ltr'>communis</span> <span class='ocrx_word' id='word_1_6' title='bbox 659 553 707 611; x_wconf 92' lang='lat' dir='ltr'>est</span> <span class='ocrx_word' id='word_1_7' title='bbox 724 567 774 628; x_wconf 78' lang='lat' dir='ltr'>pu,</span> <span class='ocrx_word' id='word_1_8' title='bbox 798 546 842 610; x_wconf 89' lang='lat' dir='ltr'>ad</span> <span class='ocrx_word' id='word_1_9' title='bbox 865 566 960 628; x_wconf 88' lang='lat' dir='ltr'>quam</span> <span class='ocrx_word' id='word_1_10' title='bbox 976 555 1033 613; x_wconf 89' lang='lat' dir='ltr'>sct.</span> <span class='ocrx_word' id='word_1_11' title='bbox 1048 553 1141 631; x_wconf 77' lang='lat' dir='ltr'>pdpn,</span> <span class='ocrx_word' id='word_1_12' title='bbox 1165 551 1221 616; x_wconf 93' lang='lat' dir='ltr'>lat.</span> <span class='ocrx_word' id='word_1_13' title='bbox 1241 551 1354 636; x_wconf 80' lang='lat' dir='ltr'>bonore,</span> 
     </span>
     <span class='ocr_line' id='line_1_3' title="bbox 236 641 1310 731; baseline 0.007 -25"><span class='ocrx_word' id='word_1_14' title='bbox 236 664 284 726; x_wconf 78' lang='lat' dir='ltr'>gr.</span> <span class='ocrx_word' id='word_1_15' title='bbox 306 641 408 726; x_wconf 79' lang='grc' dir='ltr'><em>γοάω,</em></span> <span class='ocrx_word' id='word_1_16' title='bbox 431 643 575 727; x_wconf 67' lang='lat' dir='ltr'>yrordm,</span> <span class='ocrx_word' id='word_1_17' title='bbox 598 641 693 726; x_wconf 68' lang='lat' dir='ltr'>poclm</span> <span class='ocrx_word' id='word_1_18' title='bbox 718 643 815 721; x_wconf 75' lang='lat' dir='ltr'>(Curt.</span> <span class='ocrx_word' id='word_1_19' title='bbox 839 645 889 707; x_wconf 84' lang='lat' dir='ltr'>El.</span> <span class='ocrx_word' id='word_1_20' title='bbox 913 646 963 708; x_wconf 85' lang='lat' dir='ltr'>Et.</span> <span class='ocrx_word' id='word_1_21' title='bbox 987 667 1018 728; x_wconf 88' lang='lat' dir='ltr'>p.</span> <span class='ocrx_word' id='word_1_22' title='bbox 1042 650 1117 714; x_wconf 84' lang='grc'><strong>435)</strong></span> <span class='ocrx_word' id='word_1_23' title='bbox 1140 650 1310 731; x_wconf 82' lang='lat' dir='ltr'>pertinent.</span> 
     </span>
    </p>

    <p class='ocr_par' dir='ltr' id='par_1_3' title="bbox 236 740 1357 1021">
     <span class='ocr_line' id='line_1_4' title="bbox 323 740 1357 831; baseline 0.006 -25"><span class='ocrx_word' id='word_1_24' title='bbox 323 741 459 823; x_wconf 83' lang='lat' dir='ltr'>Saepius</span> <span class='ocrx_word' id='word_1_25' title='bbox 480 740 627 806; x_wconf 86' lang='lat' dir='ltr'>fricativa</span> <span class='ocrx_word' id='word_1_26' title='bbox 653 741 743 806; x_wconf 85' lang='lat' dir='ltr'>fortis</span> <span class='ocrx_word' id='word_1_27' title='bbox 770 766 790 820; x_wconf 88' lang='grc' dir='ltr'><strong><em>χ</em></strong></span> <span class='ocrx_word' id='word_1_28' title='bbox 817 741 852 805; x_wconf 92' lang='lat' dir='ltr'>iu</span> <span class='ocrx_word' id='word_1_29' title='bbox 870 740 904 823; x_wconf 86' lang='lat' dir='ltr'><em>s</em></span> <span class='ocrx_word' id='word_1_30' title='bbox 924 744 1065 809; x_wconf 88' lang='lat' dir='ltr'>transiit:</span> <span class='ocrx_word' id='word_1_31' title='bbox 1106 745 1189 829; x_wconf 73' lang='lat' dir='ltr'>ylc&#39;fo</span> <span class='ocrx_word' id='word_1_32' title='bbox 1219 767 1277 831; x_wconf 92' lang='lat' dir='ltr'>pro</span> <span class='ocrx_word' id='word_1_33' title='bbox 1309 745 1357 814; x_wconf 76' lang='grc' dir='ltr'>ἐκ·</span> 
     </span>
     <span class='ocr_line' id='line_1_5' title="bbox 236 838 1356 927; baseline 0.004 -25"><span class='ocrx_word' id='word_1_34' title='bbox 236 839 336 919; x_wconf 82' lang='grc' dir='ltr'><em>λείχω</em></span> <span class='ocrx_word' id='word_1_35' title='bbox 366 845 376 914; x_wconf 75' lang='lat' dir='ltr'>l</span> <span class='ocrx_word' id='word_1_36' title='bbox 383 858 441 921; x_wconf 87' lang='lat' dir='ltr'>per</span> <span class='ocrx_word' id='word_1_37' title='bbox 471 838 666 921; x_wconf 79' lang='lat' dir='ltr'>aphaeresin</span> <span class='ocrx_word' id='word_1_38' title='bbox 692 839 814 903; x_wconf 84' lang='lat' dir='ltr'>vocalis</span> <span class='ocrx_word' id='word_1_39' title='bbox 845 850 891 920; x_wconf 77' lang='lat' dir='ltr'>a),</span> <span class='ocrx_word' id='word_1_40' title='bbox 915 840 1085 922; x_wconf 57' lang='lat' dir='ltr'>mizdon)</span> <span class='ocrx_word' id='word_1_41' title='bbox 1116 863 1174 927; x_wconf 89' lang='lat' dir='ltr'>pro</span> <span class='ocrx_word' id='word_1_42' title='bbox 1195 845 1356 927; x_wconf 68' lang='grc' dir='ltr'>χίοίχίίοη)</span> 
     </span>
     <span class='ocr_line' id='line_1_6' title="bbox 238 932 991 1021; baseline -0.004 -19"><span class='ocrx_word' id='word_1_43' title='bbox 238 957 278 1002; x_wconf 87' lang='lat' dir='ltr'>ex</span> <span class='ocrx_word' id='word_1_44' title='bbox 302 932 471 1021; x_wconf 80' lang='grc' dir='ltr'><em>ὀκτώηχος</em></span> <span class='ocrx_word' id='word_1_45' title='bbox 495 933 567 1019; x_wconf 86' lang='lat' dir='ltr'>(per</span> <span class='ocrx_word' id='word_1_46' title='bbox 588 935 782 1019; x_wconf 81' lang='lat' dir='ltr'>aphaeresin</span> <span class='ocrx_word' id='word_1_47' title='bbox 804 937 927 1002; x_wconf 88' lang='lat' dir='ltr'>vocalis</span> <span class='ocrx_word' id='word_1_48' title='bbox 950 946 991 1009; x_wconf 81' lang='lat' dir='ltr'>o).</span> 
     </span>
    </p>

    <p class='ocr_par' dir='ltr' id='par_1_4' title="bbox 236 1033 1359 1408">
     <span class='ocr_line' id='line_1_7' title="bbox 323 1033 1359 1123; baseline 0.006 -25"><span class='ocrx_word' id='word_1_49' title='bbox 323 1035 494 1099; x_wconf 88' lang='lat' dir='ltr'>Deutalem</span> <span class='ocrx_word' id='word_1_50' title='bbox 517 1033 631 1099; x_wconf 87' lang='lat' dir='ltr'>fortem</span> <span class='ocrx_word' id='word_1_51' title='bbox 660 1034 734 1097; x_wconf 81' lang='lat' dir='ltr'>rin</span> <span class='ocrx_word' id='word_1_52' title='bbox 757 1058 784 1097; x_wconf 75' lang='lat' dir='ltr'>n</span> <span class='ocrx_word' id='word_1_53' title='bbox 805 1034 973 1102; x_wconf 84' lang='lat' dir='ltr'>transiisse</span> <span class='ocrx_word' id='word_1_54' title='bbox 1000 1043 1077 1119; x_wconf 94' lang='lat' dir='ltr'>putc</span> <span class='ocrx_word' id='word_1_55' title='bbox 1105 1037 1140 1103; x_wconf 91' lang='lat' dir='ltr'>in</span> <span class='ocrx_word' id='word_1_56' title='bbox 1168 1059 1249 1105; x_wconf 85' lang='lat' dir='ltr'>voce</span> <span class='ocrx_word' id='word_1_57' title='bbox 1275 1041 1359 1123; x_wconf 78' lang='lat' dir='ltr'>piros</span> 
     </span>
     <span class='ocr_line' id='line_1_8' title="bbox 237 1128 1359 1216; baseline 0.007 -20"><span class='ocrx_word' id='word_1_58' title='bbox 237 1132 289 1197; x_wconf 88' lang='lat' dir='ltr'>vel</span> <span class='ocrx_word' id='word_1_59' title='bbox 309 1130 411 1216; x_wconf 81' lang='lat' dir='ltr'>pdros</span> <span class='ocrx_word' id='word_1_60' title='bbox 432 1151 489 1214; x_wconf 93' lang='lat' dir='ltr'>prc</span> <span class='ocrx_word' id='word_1_61' title='bbox 512 1138 622 1196; x_wconf 88' lang='lat' dir='ltr'>vetere</span> <span class='ocrx_word' id='word_1_62' title='bbox 644 1128 759 1213; x_wconf 82' lang='grc' dir='ltr'><strong><em>τύλος,</em></strong></span> <span class='ocrx_word' id='word_1_63' title='bbox 784 1132 839 1196; x_wconf 91' lang='lat' dir='ltr'>ubi</span> <span class='ocrx_word' id='word_1_64' title='bbox 861 1138 937 1197; x_wconf 90' lang='lat' dir='ltr'>ante</span> <span class='ocrx_word' id='word_1_65' title='bbox 958 1136 1104 1200; x_wconf 88' lang='lat' dir='ltr'>vocalem</span> <span class='ocrx_word' id='word_1_66' title='bbox 1126 1157 1147 1197; x_wconf 87' lang='lat' dir='ltr'>n</span> <span class='ocrx_word' id='word_1_67' title='bbox 1169 1136 1359 1204; x_wconf 88' lang='lat' dir='ltr'>irrationalis</span> 
     </span>
     <span class='ocr_line' id='line_1_9' title="bbox 236 1228 1359 1319; baseline 0.006 -28"><span class='ocrx_word' id='word_1_68' title='bbox 236 1230 414 1311; x_wconf 82' lang='lat' dir='ltr'>constitit,</span> <span class='ocrx_word' id='word_1_69' title='bbox 444 1236 479 1293; x_wconf 90' lang='lat' dir='ltr'>ut</span> <span class='ocrx_word' id='word_1_70' title='bbox 501 1228 609 1291; x_wconf 81' lang='lat' dir='ltr'>tcdror</span> <span class='ocrx_word' id='word_1_71' title='bbox 630 1229 906 1311; x_wconf 83' lang='lat' dir='ltr'>pronuntiaretur,</span> <span class='ocrx_word' id='word_1_72' title='bbox 936 1230 1020 1313; x_wconf 90' lang='lat' dir='ltr'>quod</span> <span class='ocrx_word' id='word_1_73' title='bbox 1049 1233 1178 1297; x_wconf 88' lang='lat' dir='ltr'>transiit</span> <span class='ocrx_word' id='word_1_74' title='bbox 1206 1235 1238 1298; x_wconf 90' lang='lat' dir='ltr'>iu</span> <span class='ocrx_word' id='word_1_75' title='bbox 1264 1236 1359 1319; x_wconf 73' lang='lat' dir='ltr'>paros</span> 
     </span>
     <span class='ocr_line' id='line_1_10' title="bbox 236 1325 936 1408; baseline -0.001 -15"><span class='ocrx_word' id='word_1_76' title='bbox 236 1327 382 1394; x_wconf 89' lang='lat' dir='ltr'>similiter</span> <span class='ocrx_word' id='word_1_77' title='bbox 403 1333 500 1408; x_wconf 89' lang='lat' dir='ltr'>atque</span> <span class='ocrx_word' id='word_1_78' title='bbox 522 1327 578 1390; x_wconf 87' lang='lat' dir='ltr'>lat.</span> <span class='ocrx_word' id='word_1_79' title='bbox 602 1325 736 1388; x_wconf 83' lang='lat' dir='ltr'>duellam</span> <span class='ocrx_word' id='word_1_80' title='bbox 758 1326 792 1392; x_wconf 90' lang='lat' dir='ltr'>in</span> <span class='ocrx_word' id='word_1_81' title='bbox 815 1326 936 1392; x_wconf 83' lang='lat' dir='ltr'>bellum.</span> 
     </span>
    </p>

    <p class='ocr_par' dir='ltr' id='par_1_5' title="bbox 232 1421 1360 2389">
     <span class='ocr_line' id='line_1_11' title="bbox 320 1421 1360 1506; baseline 0.008 -17"><span class='ocrx_word' id='word_1_82' title='bbox 320 1425 383 1489; x_wconf 89' lang='lat' dir='ltr'>Pro</span> <span class='ocrx_word' id='word_1_83' title='bbox 405 1423 552 1489; x_wconf 84' lang='lat' dir='ltr'>fricativa</span> <span class='ocrx_word' id='word_1_84' title='bbox 574 1424 640 1488; x_wconf 90' lang='lat' dir='ltr'>leni</span> <span class='ocrx_word' id='word_1_85' title='bbox 665 1421 684 1486; x_wconf 80' lang='lat' dir='ltr'>d</span> <span class='ocrx_word' id='word_1_86' title='bbox 706 1443 871 1505; x_wconf 89' lang='lat' dir='ltr'>nunquam</span> <span class='ocrx_word' id='word_1_87' title='bbox 894 1447 921 1506; x_wconf 88' lang='lat' dir='ltr'>c,</span> <span class='ocrx_word' id='word_1_88' title='bbox 945 1438 1005 1506; x_wconf 81' lang='lat' dir='ltr'>pro¹</span> <span class='ocrx_word' id='word_1_89' title='bbox 1024 1424 1098 1491; x_wconf 87' lang='lat' dir='ltr'>forti</span> <span class='ocrx_word' id='word_1_90' title='bbox 1119 1434 1228 1492; x_wconf 91' lang='lat' dir='ltr'>autem</span> <span class='ocrx_word' id='word_1_91' title='bbox 1247 1435 1277 1494; x_wconf 77' lang='grc' dir='ltr'><em>θ</em></span> <span class='ocrx_word' id='word_1_92' title='bbox 1298 1450 1360 1497; x_wconf 86' lang='lat' dir='ltr'>sae·</span> 
     </span>
     <span class='ocr_line' id='line_1_12' title="bbox 235 1519 1359 1614; baseline 0.004 -27"><span class='ocrx_word' id='word_1_93' title='bbox 235 1523 307 1607; x_wconf 91' lang='lat' dir='ltr'>pius</span> <span class='ocrx_word' id='word_1_94' title='bbox 319 1521 353 1604; x_wconf 89' lang='lat' dir='ltr'><em>s</em></span> <span class='ocrx_word' id='word_1_95' title='bbox 366 1522 529 1587; x_wconf 87' lang='lat' dir='ltr'>iuvenitur</span> <span class='ocrx_word' id='word_1_96' title='bbox 550 1519 638 1603; x_wconf 91' lang='lat' dir='ltr'>apud</span> <span class='ocrx_word' id='word_1_97' title='bbox 661 1521 788 1586; x_wconf 89' lang='lat' dir='ltr'>Locros.</span> <span class='ocrx_word' id='word_1_98' title='bbox 837 1525 951 1606; x_wconf 79' lang='grc' dir='ltr'><em>Θῆβαι</em></span> <span class='ocrx_word' id='word_1_99' title='bbox 973 1528 1008 1587; x_wconf 93' lang='lat' dir='ltr'>ut</span> <span class='ocrx_word' id='word_1_100' title='bbox 1019 1521 1098 1604; x_wconf 80' lang='lat' dir='ltr'>sz&#39;vu</span> <span class='ocrx_word' id='word_1_101' title='bbox 1120 1531 1228 1610; x_wconf 87' lang='lat' dir='ltr'>sonat,</span> <span class='ocrx_word' id='word_1_102' title='bbox 1252 1528 1359 1614; x_wconf 76' lang='grc' dir='ltr'><strong><em>θηκά-</em></strong></span> 
     </span>
     <span class='ocr_line' id='line_1_13' title="bbox 236 1617 1358 1706; baseline 0.008 -22"><span class='ocrx_word' id='word_1_103' title='bbox 236 1644 309 1703; x_wconf 83' lang='grc' dir='ltr'><em>ριον</em></span> <span class='ocrx_word' id='word_1_104' title='bbox 326 1617 441 1706; x_wconf 77' lang='grc' dir='ltr'>(θήκη)</span> <span class='ocrx_word' id='word_1_105' title='bbox 463 1627 497 1684; x_wconf 92' lang='lat' dir='ltr'>ut</span> <span class='ocrx_word' id='word_1_106' title='bbox 509 1617 657 1702; x_wconf 69' lang='lat' dir='ltr'>siderion,</span> <span class='ocrx_word' id='word_1_107' title='bbox 682 1617 860 1699; x_wconf 73' lang='grc' dir='ltr'><strong><em>σταθμίζω</em></strong></span> <span class='ocrx_word' id='word_1_108' title='bbox 878 1620 963 1701; x_wconf 83' lang='lat' dir='ltr'>vulg.</span> <span class='ocrx_word' id='word_1_109' title='bbox 980 1627 1016 1685; x_wconf 91' lang='lat' dir='ltr'>ut</span> <span class='ocrx_word' id='word_1_110' title='bbox 1029 1620 1184 1701; x_wconf 80' lang='lat' dir='ltr'>stofm&#39;zo.</span> <span class='ocrx_word' id='word_1_111' title='bbox 1221 1625 1358 1692; x_wconf 90' lang='lat' dir='ltr'>Primum</span> 
     </span>
     <span class='ocr_line' id='line_1_14' title="bbox 235 1714 1359 1806; baseline 0.006 -24"><span class='ocrx_word' id='word_1_112' title='bbox 235 1718 427 1784; x_wconf 87' lang='lat' dir='ltr'>vocabulum</span> <span class='ocrx_word' id='word_1_113' title='bbox 456 1717 525 1782; x_wconf 91' lang='lat' dir='ltr'>sine</span> <span class='ocrx_word' id='word_1_114' title='bbox 555 1715 652 1780; x_wconf 92' lang='lat' dir='ltr'>dubio</span> <span class='ocrx_word' id='word_1_115' title='bbox 681 1716 815 1799; x_wconf 87' lang='lat' dir='ltr'>antiqua</span> <span class='ocrx_word' id='word_1_116' title='bbox 842 1714 944 1781; x_wconf 86' lang='lat' dir='ltr'>forma</span> <span class='ocrx_word' id='word_1_117' title='bbox 971 1718 1097 1783; x_wconf 88' lang='lat' dir='ltr'>aeolica</span> <span class='ocrx_word' id='word_1_118' title='bbox 1126 1718 1283 1787; x_wconf 88' lang='lat' dir='ltr'>habenda</span> <span class='ocrx_word' id='word_1_119' title='bbox 1307 1732 1359 1806; x_wconf 87' lang='lat' dir='ltr'>cst,</span> 
     </span>
     <span class='ocr_line' id='line_1_15' title="bbox 235 1812 1359 1899; baseline 0.006 -19"><span class='ocrx_word' id='word_1_120' title='bbox 235 1813 341 1899; x_wconf 86' lang='lat' dir='ltr'>quam,</span> <span class='ocrx_word' id='word_1_121' title='bbox 365 1815 451 1898; x_wconf 91' lang='lat' dir='ltr'>quod</span> <span class='ocrx_word' id='word_1_122' title='bbox 468 1834 586 1880; x_wconf 88' lang='lat' dir='ltr'>nornen</span> <span class='ocrx_word' id='word_1_123' title='bbox 602 1812 661 1876; x_wconf 86' lang='lat' dir='ltr'>fuit</span> <span class='ocrx_word' id='word_1_124' title='bbox 674 1813 788 1896; x_wconf 88' lang='lat' dir='ltr'>capitis</span> <span class='ocrx_word' id='word_1_125' title='bbox 801 1813 964 1895; x_wconf 86' lang='lat' dir='ltr'>Boeotiae,</span> <span class='ocrx_word' id='word_1_126' title='bbox 983 1816 1107 1882; x_wconf 85' lang='lat' dir='ltr'>aeolice</span> <span class='ocrx_word' id='word_1_127' title='bbox 1122 1821 1359 1899; x_wconf 86' lang='lat' dir='ltr'>pronuntiatam</span> 
     </span>
     <span class='ocr_line' id='line_1_16' title="bbox 235 1910 1359 1994; baseline 0.004 -14"><span class='ocrx_word' id='word_1_128' title='bbox 235 1933 306 1980; x_wconf 86' lang='lat' dir='ltr'>ease</span> <span class='ocrx_word' id='word_1_129' title='bbox 336 1915 431 1979; x_wconf 90' lang='lat' dir='ltr'>etiam</span> <span class='ocrx_word' id='word_1_130' title='bbox 460 1912 501 1976; x_wconf 90' lang='lat' dir='ltr'>ab</span> <span class='ocrx_word' id='word_1_131' title='bbox 528 1912 601 1976; x_wconf 86' lang='lat' dir='ltr'>aliis</span> <span class='ocrx_word' id='word_1_132' title='bbox 624 1910 755 1976; x_wconf 80' lang='lat' dir='ltr'>Graecis</span> <span class='ocrx_word' id='word_1_133' title='bbox 785 1931 878 1976; x_wconf 90' lang='lat' dir='ltr'>nemo</span> <span class='ocrx_word' id='word_1_134' title='bbox 908 1913 950 1978; x_wconf 89' lang='lat' dir='ltr'>sit</span> <span class='ocrx_word' id='word_1_135' title='bbox 984 1913 1038 1994; x_wconf 92' lang='lat' dir='ltr'>qni</span> <span class='ocrx_word' id='word_1_136' title='bbox 1058 1914 1201 1980; x_wconf 88' lang='lat' dir='ltr'>miretur.</span> <span class='ocrx_word' id='word_1_137' title='bbox 1246 1919 1359 1984; x_wconf 86' lang='lat' dir='ltr'>Aeoles</span> 
     </span>
     <span class='ocr_line' id='line_1_17' title="bbox 234 2008 1358 2092; baseline 0.004 -15"><span class='ocrx_word' id='word_1_138' title='bbox 234 2019 340 2078; x_wconf 90' lang='lat' dir='ltr'>autem</span> <span class='ocrx_word' id='word_1_139' title='bbox 363 2017 399 2076; x_wconf 92' lang='lat' dir='ltr'>ut</span> <span class='ocrx_word' id='word_1_140' title='bbox 419 2009 556 2074; x_wconf 89' lang='lat' dir='ltr'>Romani</span> <span class='ocrx_word' id='word_1_141' title='bbox 585 2008 774 2091; x_wconf 88' lang='lat' dir='ltr'>saepissime</span> <span class='ocrx_word' id='word_1_142' title='bbox 803 2009 962 2092; x_wconf 77' lang='lat' dir='ltr'>aspiratos</span> <span class='ocrx_word' id='word_1_143' title='bbox 994 2017 1120 2078; x_wconf 85' lang='lat' dir='ltr'>veteres</span> <span class='ocrx_word' id='word_1_144' title='bbox 1151 2012 1358 2082; x_wconf 87' lang='lat' dir='ltr'>dentalosiu</span> 
     </span>
     <span class='ocr_line' id='line_1_18' title="bbox 234 2105 1357 2195; baseline 0.004 -22"><span class='ocrx_word' id='word_1_145' title='bbox 234 2109 371 2174; x_wconf 89' lang='lat' dir='ltr'>labiales</span> <span class='ocrx_word' id='word_1_146' title='bbox 398 2106 631 2186; x_wconf 74' lang='lat' dir='ltr'>imputabant,</span> <span class='ocrx_word' id='word_1_147' title='bbox 669 2105 708 2170; x_wconf 85' lang='lat' dir='ltr'>ci.</span> <span class='ocrx_word' id='word_1_148' title='bbox 740 2111 797 2170; x_wconf 89' lang='lat' dir='ltr'>att.</span> <span class='ocrx_word' id='word_1_149' title='bbox 825 2105 913 2192; x_wconf 76' lang='grc' dir='ltr'><strong><em>θήρ,</em></strong></span> <span class='ocrx_word' id='word_1_150' title='bbox 943 2109 1025 2173; x_wconf 88' lang='lat' dir='ltr'>aeol.</span> <span class='ocrx_word' id='word_1_151' title='bbox 1056 2106 1144 2195; x_wconf 80' lang='grc' dir='ltr'><em>φήρ,</em></span> <span class='ocrx_word' id='word_1_152' title='bbox 1175 2111 1233 2176; x_wconf 87' lang='lat' dir='ltr'>lat.</span> <span class='ocrx_word' id='word_1_153' title='bbox 1265 2113 1357 2186; x_wconf 73' lang='lat' dir='ltr'>seruc.</span> 
     </span>
     <span class='ocr_line' id='line_1_19' title="bbox 233 2199 1355 2295; baseline 0.005 -25"><span class='ocrx_word' id='word_1_154' title='bbox 233 2202 486 2289; x_wconf 69' lang='lat' dir='ltr'>motatdddpov’,</span> <span class='ocrx_word' id='word_1_155' title='bbox 525 2204 608 2268; x_wconf 88' lang='lat' dir='ltr'>aeol.</span> <span class='ocrx_word' id='word_1_156' title='bbox 631 2199 886 2289; x_wconf 71' lang='lat' dir='ltr'>nocatldrppov&#39;.</span> <span class='ocrx_word' id='word_1_157' title='bbox 930 2209 1069 2282; x_wconf 76' lang='grc' dir='ltr'><strong><em>θοίναις</em></strong></span> <span class='ocrx_word' id='word_1_158' title='bbox 1097 2208 1183 2271; x_wconf 89' lang='lat' dir='ltr'>aeol.</span> <span class='ocrx_word' id='word_1_159' title='bbox 1213 2215 1355 2295; x_wconf 80' lang='grc' dir='ltr'><strong><em>φοίναις,</em></strong></span> 
     </span>
     <span class='ocr_line' id='line_1_20' title="bbox 232 2299 1356 2389; baseline 0.003 -19"><span class='ocrx_word' id='word_1_160' title='bbox 232 2302 359 2389; x_wconf 62' lang='lat' dir='ltr'>nitido)</span> <span class='ocrx_word' id='word_1_161' title='bbox 387 2303 469 2368; x_wconf 89' lang='lat' dir='ltr'>aecl.</span> <span class='ocrx_word' id='word_1_162' title='bbox 493 2299 610 2386; x_wconf 78' lang='grc' dir='ltr'><em>πλήχω</em></span> <span class='ocrx_word' id='word_1_163' title='bbox 641 2300 692 2377; x_wconf 86' lang='lat' dir='ltr'>(cf.</span> <span class='ocrx_word' id='word_1_164' title='bbox 717 2300 846 2366; x_wconf 86' lang='lat' dir='ltr'>Ahrens</span> <span class='ocrx_word' id='word_1_165' title='bbox 875 2301 915 2367; x_wconf 94' lang='lat' dir='ltr'>de</span> <span class='ocrx_word' id='word_1_166' title='bbox 945 2301 1022 2367; x_wconf 89' lang='lat' dir='ltr'>dial.</span> <span class='ocrx_word' id='word_1_167' title='bbox 1046 2305 1128 2368; x_wconf 92' lang='lat' dir='ltr'>aecl.</span> <span class='ocrx_word' id='word_1_168' title='bbox 1158 2325 1191 2387; x_wconf 91' lang='lat' dir='ltr'>p.</span> <span class='ocrx_word' id='word_1_169' title='bbox 1215 2311 1282 2386; x_wconf 76' lang='lat'>42).</span> <span class='ocrx_word' id='word_1_170' title='bbox 1324 2310 1356 2373; x_wconf 95' lang='lat' dir='ltr'>In</span> 
     </span>
    </p>
   </div>
   <div class='ocr_carea' id='block_1_3' title="bbox 169 2396 1358 2873">
    <p class='ocr_par' dir='ltr' id='par_1_6' title="bbox 169 2396 1358 2873">
     <span class='ocr_line' id='line_1_21' title="bbox 232 2396 1357 2482; baseline 0.003 -14"><span class='ocrx_word' id='word_1_171' title='bbox 232 2402 390 2470; x_wconf 88' lang='lat' dir='ltr'>vocabulo</span> <span class='ocrx_word' id='word_1_172' title='bbox 412 2399 554 2477; x_wconf 73' lang='lat' dir='ltr'>ctofnc&#39;zo</span> <span class='ocrx_word' id='word_1_173' title='bbox 577 2418 635 2480; x_wconf 95' lang='lat' dir='ltr'>pro</span> <span class='ocrx_word' id='word_1_174' title='bbox 658 2396 835 2478; x_wconf 76' lang='grc' dir='ltr'><em>σταθμίζω</em></span> <span class='ocrx_word' id='word_1_175' title='bbox 859 2418 982 2482; x_wconf 85' lang='lat' dir='ltr'>organa</span> <span class='ocrx_word' id='word_1_176' title='bbox 1003 2401 1087 2466; x_wconf 91' lang='lat' dir='ltr'>inter</span> <span class='ocrx_word' id='word_1_177' title='bbox 1108 2421 1144 2467; x_wconf 86' lang='lat' dir='ltr'>sc</span> <span class='ocrx_word' id='word_1_178' title='bbox 1167 2413 1357 2471; x_wconf 87' lang='lat' dir='ltr'>commutata</span> 
     </span>
     <span class='ocr_line' id='line_1_22' title="bbox 232 2488 1356 2584; baseline 0.004 -19"><span class='ocrx_word' id='word_1_179' title='bbox 232 2488 306 2566; x_wconf 88' lang='lat' dir='ltr'>suut</span> <span class='ocrx_word' id='word_1_180' title='bbox 334 2499 396 2578; x_wconf 84' lang='lat' dir='ltr'>ita,</span> <span class='ocrx_word' id='word_1_181' title='bbox 426 2504 460 2561; x_wconf 92' lang='lat' dir='ltr'>ut</span> <span class='ocrx_word' id='word_1_182' title='bbox 481 2500 535 2577; x_wconf 74' lang='grc' dir='ltr'>θμ</span> <span class='ocrx_word' id='word_1_183' title='bbox 561 2495 596 2559; x_wconf 91' lang='lat' dir='ltr'>in</span> <span class='ocrx_word' id='word_1_184' title='bbox 618 2494 658 2575; x_wconf 81' lang='lat' dir='ltr'>fn</span> <span class='ocrx_word' id='word_1_185' title='bbox 686 2495 707 2559; x_wconf 92' lang='lat' dir='ltr'>i.</span> <span class='ocrx_word' id='word_1_186' title='bbox 732 2515 759 2560; x_wconf 92' lang='lat' dir='ltr'>e.</span> <span class='ocrx_word' id='word_1_187' title='bbox 788 2495 936 2562; x_wconf 86' lang='lat' dir='ltr'>fricativa</span> <span class='ocrx_word' id='word_1_188' title='bbox 965 2496 1104 2564; x_wconf 91' lang='lat' dir='ltr'>dentalis</span> <span class='ocrx_word' id='word_1_189' title='bbox 1132 2500 1167 2564; x_wconf 94' lang='lat' dir='ltr'>in</span> <span class='ocrx_word' id='word_1_190' title='bbox 1196 2502 1356 2584; x_wconf 85' lang='lat' dir='ltr'>labialem,</span> 
     </span>
     <span class='ocr_line' id='line_1_23' title="bbox 231 2592 1358 2678; baseline 0.004 -15"><span class='ocrx_word' id='word_1_191' title='bbox 231 2597 354 2663; x_wconf 89' lang='lat' dir='ltr'>nasalis</span> <span class='ocrx_word' id='word_1_192' title='bbox 381 2594 511 2660; x_wconf 89' lang='lat' dir='ltr'>labialis</span> <span class='ocrx_word' id='word_1_193' title='bbox 539 2593 573 2657; x_wconf 92' lang='lat' dir='ltr'>in</span> <span class='ocrx_word' id='word_1_194' title='bbox 603 2592 766 2658; x_wconf 89' lang='lat' dir='ltr'>dentalem</span> <span class='ocrx_word' id='word_1_195' title='bbox 798 2595 967 2676; x_wconf 87' lang='lat' dir='ltr'>transiret,</span> <span class='ocrx_word' id='word_1_196' title='bbox 992 2595 1077 2678; x_wconf 93' lang='lat' dir='ltr'>quod</span> <span class='ocrx_word' id='word_1_197' title='bbox 1109 2597 1241 2678; x_wconf 89' lang='lat' dir='ltr'>quidem</span> <span class='ocrx_word' id='word_1_198' title='bbox 1270 2601 1358 2667; x_wconf 87' lang='lat' dir='ltr'>facilc</span> 
     </span>
     <span class='ocr_line' id='line_1_24' title="bbox 231 2690 1356 2780; baseline 0.004 -22"><span class='ocrx_word' id='word_1_199' title='bbox 231 2694 299 2760; x_wconf 84' lang='lat' dir='ltr'>deri</span> <span class='ocrx_word' id='word_1_200' title='bbox 328 2694 432 2776; x_wconf 91' lang='lat' dir='ltr'>potuit</span> <span class='ocrx_word' id='word_1_201' title='bbox 467 2698 598 2774; x_wconf 91' lang='lat' dir='ltr'>propter</span> <span class='ocrx_word' id='word_1_202' title='bbox 634 2696 782 2754; x_wconf 89' lang='lat' dir='ltr'>naturam</span> <span class='ocrx_word' id='word_1_203' title='bbox 818 2690 917 2757; x_wconf 86' lang='lat' dir='ltr'>valde</span> <span class='ocrx_word' id='word_1_204' title='bbox 952 2692 1108 2758; x_wconf 86' lang='lat' dir='ltr'>infirmam</span> <span class='ocrx_word' id='word_1_205' title='bbox 1143 2703 1176 2759; x_wconf 94' lang='lat' dir='ltr'>et</span> <span class='ocrx_word' id='word_1_206' title='bbox 1207 2698 1356 2780; x_wconf 85' lang='lat' dir='ltr'>liquidam</span> 
     </span>
     <span class='ocr_line' id='line_1_25' title="bbox 169 2781 501 2873; baseline -0.009 -17"><span class='ocrx_word' id='word_1_207' title='bbox 169 2781 173 2788; x_wconf 43' lang='lat'><em>⁶</em></span> <span class='ocrx_word' id='word_1_208' title='bbox 231 2793 398 2873; x_wconf 87' lang='lat' dir='ltr'>utriusque</span> <span class='ocrx_word' id='word_1_209' title='bbox 421 2789 501 2855; x_wconf 92' lang='lat' dir='ltr'>soni.</span> 
     </span>
    </p>
   </div>
   <div class='ocr_carea' id='block_1_4' title="bbox 429 2940 1164 3008">
    <p class='ocr_par' dir='ltr' id='par_1_7' title="bbox 429 2940 1164 3008">
     <span class='ocr_line' id='line_1_26' title="bbox 429 2940 1164 3008; baseline 0.003 -2"><span class='ocrx_word' id='word_1_210' title='bbox 429 2943 471 3007; x_wconf 92' lang='lat' dir='ltr'>II.</span> <span class='ocrx_word' id='word_1_211' title='bbox 517 2943 573 3006; x_wconf 89' lang='lat' dir='ltr'>De</span> <span class='ocrx_word' id='word_1_212' title='bbox 596 2940 847 3006; x_wconf 90' lang='lat' dir='ltr'>dentalismo</span> <span class='ocrx_word' id='word_1_213' title='bbox 871 2946 909 3006; x_wconf 90' lang='lat' dir='ltr'>et</span> <span class='ocrx_word' id='word_1_214' title='bbox 931 2942 1164 3008; x_wconf 88' lang='lat' dir='ltr'>zetaoismo.</span> 
     </span>
    </p>
   </div>
   <div class='ocr_carea' id='block_1_5' title="bbox 226 3075 1355 4040">
    <p class='ocr_par' dir='ltr' id='par_1_8' title="bbox 226 3075 1355 4040">
     <span class='ocr_line' id='line_1_27' title="bbox 316 3075 1355 3164; baseline 0.006 -21"><span class='ocrx_word' id='word_1_215' title='bbox 316 3079 485 3143; x_wconf 85' lang='lat' dir='ltr'>Transitus</span> <span class='ocrx_word' id='word_1_216' title='bbox 501 3075 744 3142; x_wconf 89' lang='lat' dir='ltr'>consonantium</span> <span class='ocrx_word' id='word_1_217' title='bbox 759 3076 977 3158; x_wconf 83' lang='lat' dir='ltr'>gutturalium,</span> <span class='ocrx_word' id='word_1_218' title='bbox 996 3078 1103 3143; x_wconf 90' lang='lat' dir='ltr'>rarius</span> <span class='ocrx_word' id='word_1_219' title='bbox 1127 3078 1307 3164; x_wconf 86' lang='lat' dir='ltr'>labialium,</span> <span class='ocrx_word' id='word_1_220' title='bbox 1327 3086 1355 3148; x_wconf 92' lang='lat' dir='ltr'>iu</span> 
     </span>
     <span class='ocr_line' id='line_1_28' title="bbox 230 3172 1355 3262; baseline 0.004 -20"><span class='ocrx_word' id='word_1_221' title='bbox 230 3176 375 3242; x_wconf 87' lang='lat' dir='ltr'>ordinem</span> <span class='ocrx_word' id='word_1_222' title='bbox 405 3176 597 3245; x_wconf 87' lang='lat' dir='ltr'>dentalium,</span> <span class='ocrx_word' id='word_1_223' title='bbox 630 3193 725 3255; x_wconf 91' lang='lat' dir='ltr'>quem</span> <span class='ocrx_word' id='word_1_224' title='bbox 747 3172 932 3238; x_wconf 90' lang='lat' dir='ltr'>dentalismi</span> <span class='ocrx_word' id='word_1_225' title='bbox 957 3177 1087 3240; x_wconf 90' lang='lat' dir='ltr'>nomine</span> <span class='ocrx_word' id='word_1_226' title='bbox 1118 3180 1355 3262; x_wconf 88' lang='lat' dir='ltr'>comprehcndi-</span> 
     </span>
     <span class='ocr_line' id='line_1_29' title="bbox 229 3269 1355 3355; baseline 0.002 -15"><span class='ocrx_word' id='word_1_227' title='bbox 229 3295 315 3355; x_wconf 91' lang='lat' dir='ltr'>mus,</span> <span class='ocrx_word' id='word_1_228' title='bbox 346 3280 378 3339; x_wconf 91' lang='lat' dir='ltr'>et</span> <span class='ocrx_word' id='word_1_229' title='bbox 405 3274 544 3337; x_wconf 88' lang='lat' dir='ltr'>maiores</span> <span class='ocrx_word' id='word_1_230' title='bbox 574 3271 651 3335; x_wconf 91' lang='lat' dir='ltr'>illae</span> <span class='ocrx_word' id='word_1_231' title='bbox 673 3269 882 3351; x_wconf 89' lang='lat' dir='ltr'>mutationes,</span> <span class='ocrx_word' id='word_1_232' title='bbox 912 3271 1027 3353; x_wconf 90' lang='lat' dir='ltr'>quibus</span> <span class='ocrx_word' id='word_1_233' title='bbox 1048 3292 1168 3339; x_wconf 89' lang='lat' dir='ltr'>nomen</span> <span class='ocrx_word' id='word_1_234' title='bbox 1199 3279 1355 3345; x_wconf 76' lang='lat' dir='ltr'>metacismi</span> 
     </span>
     <span class='ocr_line' id='line_1_30' title="bbox 230 3367 1355 3457; baseline 0.004 -20"><span class='ocrx_word' id='word_1_235' title='bbox 230 3371 299 3437; x_wconf 90' lang='lat' dir='ltr'>dari</span> <span class='ocrx_word' id='word_1_236' title='bbox 315 3373 407 3453; x_wconf 86' lang='lat' dir='ltr'>solet,</span> <span class='ocrx_word' id='word_1_237' title='bbox 431 3390 502 3435; x_wconf 88' lang='lat' dir='ltr'>curn</span> <span class='ocrx_word' id='word_1_238' title='bbox 518 3370 551 3433; x_wconf 91' lang='lat' dir='ltr'>iu</span> <span class='ocrx_word' id='word_1_239' title='bbox 566 3368 686 3450; x_wconf 77' lang='lat' dir='ltr'>linguis</span> <span class='ocrx_word' id='word_1_240' title='bbox 700 3367 946 3434; x_wconf 85' lang='lat' dir='ltr'>romanensibus</span> <span class='ocrx_word' id='word_1_241' title='bbox 960 3369 1118 3436; x_wconf 89' lang='lat' dir='ltr'>latissime</span> <span class='ocrx_word' id='word_1_242' title='bbox 1132 3379 1280 3457; x_wconf 88' lang='lat' dir='ltr'>pateant,</span> <span class='ocrx_word' id='word_1_243' title='bbox 1302 3395 1355 3441; x_wconf 86' lang='lat' dir='ltr'>noc</span> 
     </span>
     <span class='ocr_line' id='line_1_31' title="bbox 228 3464 1354 3550; baseline 0.004 -15"><span class='ocrx_word' id='word_1_244' title='bbox 228 3491 301 3535; x_wconf 89' lang='lat' dir='ltr'>raro</span> <span class='ocrx_word' id='word_1_245' title='bbox 323 3469 357 3533; x_wconf 89' lang='lat' dir='ltr'>in</span> <span class='ocrx_word' id='word_1_246' title='bbox 380 3476 490 3534; x_wconf 89' lang='lat' dir='ltr'>vetere</span> <span class='ocrx_word' id='word_1_247' title='bbox 512 3484 631 3550; x_wconf 84' lang='lat' dir='ltr'>graeca</span> <span class='ocrx_word' id='word_1_248' title='bbox 659 3485 754 3531; x_wconf 87' lang='lat' dir='ltr'>voces</span> <span class='ocrx_word' id='word_1_249' title='bbox 783 3466 873 3530; x_wconf 88' lang='lat' dir='ltr'>varie</span> <span class='ocrx_word' id='word_1_250' title='bbox 903 3464 1169 3550; x_wconf 86' lang='lat' dir='ltr'>deformavcrint,</span> <span class='ocrx_word' id='word_1_251' title='bbox 1201 3473 1354 3538; x_wconf 89' lang='lat' dir='ltr'>etiamin</span> 
     </span>
     <span class='ocr_line' id='line_1_32' title="bbox 226 3563 1354 3650; baseline 0.003 -19"><span class='ocrx_word' id='word_1_252' title='bbox 226 3567 348 3650; x_wconf 85' lang='lat' dir='ltr'>lingua,</span> <span class='ocrx_word' id='word_1_253' title='bbox 373 3585 456 3649; x_wconf 87' lang='lat' dir='ltr'>quae</span> <span class='ocrx_word' id='word_1_254' title='bbox 477 3583 562 3629; x_wconf 90' lang='lat' dir='ltr'>nunc</span> <span class='ocrx_word' id='word_1_255' title='bbox 585 3569 700 3644; x_wconf 84' lang='lat' dir='ltr'>exstat,</span> <span class='ocrx_word' id='word_1_256' title='bbox 724 3563 941 3628; x_wconf 86' lang='lat' dir='ltr'>inveniuntur.</span> <span class='ocrx_word' id='word_1_257' title='bbox 985 3564 1025 3629; x_wconf 94' lang='lat' dir='ltr'>Id</span> <span class='ocrx_word' id='word_1_258' title='bbox 1047 3584 1124 3631; x_wconf 87' lang='lat' dir='ltr'>vero</span> <span class='ocrx_word' id='word_1_259' title='bbox 1154 3576 1270 3636; x_wconf 90' lang='lat' dir='ltr'>nostra</span> <span class='ocrx_word' id='word_1_260' title='bbox 1283 3572 1354 3635; x_wconf 91' lang='lat' dir='ltr'>mul-</span> 
     </span>
     <span class='ocr_line' id='line_1_33' title="bbox 226 3659 1353 3744; baseline 0.004 -16"><span class='ocrx_word' id='word_1_261' title='bbox 226 3671 294 3729; x_wconf 90' lang='lat' dir='ltr'>tum</span> <span class='ocrx_word' id='word_1_262' title='bbox 322 3665 473 3744; x_wconf 89' lang='lat' dir='ltr'>interest,</span> <span class='ocrx_word' id='word_1_263' title='bbox 512 3662 687 3726; x_wconf 86' lang='lat' dir='ltr'>dialectum</span> <span class='ocrx_word' id='word_1_264' title='bbox 721 3659 935 3726; x_wconf 88' lang='lat' dir='ltr'>neolocricam</span> <span class='ocrx_word' id='word_1_265' title='bbox 972 3682 1037 3727; x_wconf 90' lang='lat' dir='ltr'>una</span> <span class='ocrx_word' id='word_1_266' title='bbox 1072 3682 1143 3728; x_wconf 91' lang='lat' dir='ltr'>cum</span> <span class='ocrx_word' id='word_1_267' title='bbox 1182 3668 1353 3732; x_wconf 78' lang='lat' dir='ltr'>recentiore</span> 
     </span>
     <span class='ocr_line' id='line_1_34' title="bbox 226 3757 1353 3847; baseline 0.004 -21"><span class='ocrx_word' id='word_1_268' title='bbox 226 3761 374 3828; x_wconf 87' lang='lat' dir='ltr'>boeotica</span> <span class='ocrx_word' id='word_1_269' title='bbox 403 3767 434 3826; x_wconf 91' lang='lat' dir='ltr'>et</span> <span class='ocrx_word' id='word_1_270' title='bbox 456 3760 555 3824; x_wconf 87' lang='lat' dir='ltr'>attica</span> <span class='ocrx_word' id='word_1_271' title='bbox 584 3758 645 3823; x_wconf 92' lang='lat' dir='ltr'>hac</span> <span class='ocrx_word' id='word_1_272' title='bbox 672 3757 704 3823; x_wconf 93' lang='lat' dir='ltr'>in</span> <span class='ocrx_word' id='word_1_273' title='bbox 727 3777 763 3823; x_wconf 88' lang='lat' dir='ltr'>re</span> <span class='ocrx_word' id='word_1_274' title='bbox 785 3759 913 3841; x_wconf 82' lang='lat' dir='ltr'>longius</span> <span class='ocrx_word' id='word_1_275' title='bbox 942 3779 1038 3842; x_wconf 87' lang='lat' dir='ltr'>quam</span> <span class='ocrx_word' id='word_1_276' title='bbox 1067 3768 1194 3827; x_wconf 89' lang='lat' dir='ltr'>ceteras</span> <span class='ocrx_word' id='word_1_277' title='bbox 1217 3782 1353 3847; x_wconf 84' lang='lat' dir='ltr'>progres-</span> 
     </span>
     <span class='ocr_line' id='line_1_35' title="bbox 227 3855 1352 3940; baseline 0 -16"><span class='ocrx_word' id='word_1_278' title='bbox 227 3879 295 3924; x_wconf 90' lang='lat' dir='ltr'>sam</span> <span class='ocrx_word' id='word_1_279' title='bbox 319 3878 407 3940; x_wconf 90' lang='lat' dir='ltr'>esse,</span> <span class='ocrx_word' id='word_1_280' title='bbox 437 3864 472 3922; x_wconf 91' lang='lat' dir='ltr'>ut</span> <span class='ocrx_word' id='word_1_281' title='bbox 493 3857 588 3922; x_wconf 83' lang='lat' dir='ltr'>facile</span> <span class='ocrx_word' id='word_1_282' title='bbox 610 3863 675 3921; x_wconf 88' lang='lat' dir='ltr'>tres</span> <span class='ocrx_word' id='word_1_283' title='bbox 695 3855 773 3921; x_wconf 88' lang='lat' dir='ltr'>illae</span> <span class='ocrx_word' id='word_1_284' title='bbox 796 3877 817 3922; x_wconf 89' lang='lat' dir='ltr'>a</span> <span class='ocrx_word' id='word_1_285' title='bbox 838 3856 970 3939; x_wconf 89' lang='lat' dir='ltr'>reliquis</span> <span class='ocrx_word' id='word_1_286' title='bbox 992 3858 1196 3924; x_wconf 80' lang='lat' dir='ltr'>Graecorum·</span> <span class='ocrx_word' id='word_1_287' title='bbox 1213 3861 1352 3927; x_wconf 87' lang='lat' dir='ltr'>dialectis</span> 
     </span>
     <span class='ocr_line' id='line_1_36' title="bbox 227 3956 536 4040; baseline -0.01 -19"><span class='ocrx_word' id='word_1_288' title='bbox 227 3956 380 4040; x_wconf 85' lang='lat' dir='ltr'>distingui</span> <span class='ocrx_word' id='word_1_289' title='bbox 402 3956 536 4039; x_wconf 91' lang='lat' dir='ltr'>possint.</span> 
     </span>
    </p>
   </div>
   <div class='ocr_carea' id='block_1_6' title="bbox 0 0 1418 4776">
    <p class='ocr_par' dir='ltr' id='par_1_9' title="bbox 0 0 1418 4776">
     <span class='ocr_line' id='line_1_37' title="bbox 0 0 1418 4776; baseline 0 3"><span class='ocrx_word' id='word_1_290' title='bbox 0 0 1418 4776; x_wconf 95' lang='lat' dir='ltr'> </span> 
     </span>
    </p>
   </div>
  </div>
 </body>
</html>
