2828 4776
538 354 571 409 de
588 354 732 410 metathesi
748 369 854 425 graeca.
1192 348 1253 413 139

213 525 296 592 Nam
318 511 406 593 ullus
416 523 605 593 metathesis
618 544 731 610 genus,
753 526 788 590 in
803 544 866 608 quo
888 525 1047 591 vocalis
1069 524 1255 609 liquidae

121 620 288 690 ticinae
309 624 583 707 praeponitur
605 623 703 690 -de
721 642 784 705 quo
799 642 885 689 nunc
899 624 1011 707 paucis
1025 623 1255 707 exponendum

121 728 177 788 ’st
204 754 247 768 -
275 721 405 799 omnino
441 739 516 787 rara
551 721 651 787 habet
686 721 837 804 exempla
872 727 905 786 et
940 719 984 785 ad
1019 722 1255 788 recentiora

121 818 325 886 :cassinum
350 825 496 902 tempora
523 817 651 884 videtur
677 818 848 901 pertinere.
892 816 971 882 Cum
1000 819 1086 885 enim
1114 818 1254 902 liquidas

121 937 189 983 aum
211 914 433 1000 antiquissimo
455 923 600 999 tempore
621 915 851 1000 praepositas
873 933 944 982 esse
967 933 1008 981 ex
1029 934 1068 983 eo
1090 915 1255 999 collegeri-

121 1032 204 1097 mus,
228 1013 316 1096 quod
337 1014 466 1097 saepius
488 1014 668 1097 complures
689 1014 821 1096 linguae
838 1013 872 1077 in
888 1011 1002 1078 eodem
1017 1013 1166 1096 exemplo
1182 1026 1255 1080 eam

121 1110 328 1178 metathesim
357 1129 558 1178 communem
591 1111 728 1192 habent,
761 1112 796 1176 in
824 1111 886 1176 hoo
913 1111 1015 1177 altero
1042 1128 1162 1193 genere
1188 1109 1255 1176 tale

121 1209 202 1295 {uid
235 1228 301 1274 non
332 1207 650 1286 animadvertitur²⁸t
694 1208 801 1292 Saepe
834 1213 940 1274 autem
973 1207 1068 1274 nobie
1095 1206 1136 1273 de
1163 1206 1255 1289 liqui·
1285 1287 1287 1290 .

121 1306 238 1372 larrrm
260 1312 293 1371 et
313 1307 473 1372 vocalium
495 1306 761 1372 transmutatione
781 1305 1020 1388 quaerentibus,
1043 1324 1115 1372 eam
1130 1304 1171 1369 ob
1186 1323 1253 1370 rem

121 1402 296 1470 lifficnltas
329 1410 362 1470 et
395 1403 552 1470 dubitatio
585 1409 748 1484 movetur,
787 1403 862 1485 quia
890 1402 1034 1485 alioquin
1065 1403 1254 1486 saepissime

121 1501 307 1585 liquidas
335 1501 529 1593 anticipatos
549 1499 697 1567 ridemus
718 1498 859 1583 indeque
880 1500 976 1567 facile
999 1535 1040 1546 -
1063 1507 1095 1566 et
1116 1499 1254 1583 plerum·

121 1618 187 1682 que
217 1597 307 1665 haud
340 1597 438 1664 dubie
469 1605 556 1665 recte
577 1633 621 1644 -
642 1596 846 1680 adducimur,
883 1604 919 1661 ut
955 1616 1012 1663 eas
1047 1597 1182 1680 formas,
1219 1596 1254 1662 in

121 1698 240 1778 quibus
269 1695 395 1779 liquida
425 1697 571 1762 vocalem
605 1695 761 1778 sequitur,
796 1686 862 1760 non
901 1695 1104 1761 metathesim
1141 1713 1254 1779 passas

125 1809 205 1874 esse,
228 1793 287 1861 sed
309 1793 456 1859 ordinem
478 1793 656 1860 litterarum
678 1792 902 1876 primigenium
925 1811 1073 1859 servasse
1094 1799 1253 1877 putemus.

208 1891 288 1957 Cum
315 1890 413 1974 igitur
439 1891 633 1973 habeamus,
665 1897 701 1956 u't
728 1890 910 1974 exemplum
939 1910 1069 1973 ponam,
1091 1910 1150 1956 sor.
1169 1887 1256 1974 porlr'

125 1987 322 2072 (miscere,
347 1989 544 2072 iungere),
579 2007 645 2056 aor.
679 1984 813 2072 oporlitt
840 1993 915 2068 oet,
938 2023 981 2034 -
1003 1987 1062 2064 sed
1089 2008 1255 2072 prop-ooo

122 2079 372 2161 (canistrum)
405 2104 461 2169 gra
485 2084 615 2163 πλέκω,
654 2086 709 2150 lat.
739 2086 862 2164 picoto,
902 2085 1000 2163 plico,
1039 2093 1103 2167 got.
1134 2085 1251 2171 flabro,

121 2179 592 2269 sloven.plesp(surt.157r‚
621 2183 723 2265 primo
752 2181 882 2265 quidem
912 2183 1025 2248 obtutu
1054 2183 1171 2265 aliquis
1194 2201 1253 2248 scr.

121 2272 205 2343 curli
236 2279 341 2346 vocab
370 2280 557 2366 praeposita
585 2299 628 2346 ex
654 2273 765 2364 *prod
795 2286 898 2345 ortum
927 2297 998 2345 esse
1027 2280 1177 2363 opinatus
1203 2280 1253 2345 sit.

121 2366 188 2446 &ed
211 2378 239 2444 si
261 2384 348 2445 recte
370 2399 390 2444 a
412 2379 520 2445 Ourtio
541 2379 563 2443 l.
587 2379 608 2442 l.
632 2374 763 2462 πόρκος
786 2383 896 2452 (rete)
923 2382 955 2443 et
977 2396 998 2442 a
1019 2376 1162 2442 Waltero
1185 2375 1254 2442 KZ.

121 2468 199 2558 ΚΠ,
224 2478 288 2541 378
316 2474 392 2540 adn.
415 2475 472 2541 lat.
495 2475 604 2538 Poros
635 2475 698 2540 huc
726 2481 877 2541 revocata
905 2475 1019 2551 sunt²⁹l
1042 2510 1084 2520 —-
1105 2473 1140 2538 id
1169 2473 1254 2556 quod

121 2575 201 2640 mihi
235 2571 409 2639 verisimile
440 2572 568 2639 videtur
590 2573 758 2656 —potius
789 2572 824 2637 in
857 2573 909 2638 hls
940 2579 973 2638 ct
1005 2592 1065 2638 scr.
1089 2567 1176 2655 porti
1204 2571 1255 2637 lit·

121 2690 265 2741 erarum
302 2669 446 2736 ordinem
483 2677 661 2751 servatum,
699 2676 810 2736 contra
841 2671 876 2735 in
907 2670 1021 2737 ceteris
1052 2669 1117 2734 illis
1145 2668 1255 2735 formis

121 2768 326 2837 metathesim
354 2767 470 2833 iactam
497 2788 568 2835 esse
590 2774 777 2834 statuemus.
799 2804 842 2815 -
864 2767 933 2833 Nec
960 2775 1046 2834 recte
1068 2768 1200 2833 Fickius
1222 2789 1254 2851 p.

121 2872 181 2934 127
214 2867 251 2930 in
277 2871 341 2948 got.
366 2864 468 2948 saur,
492 2863 598 2947 sauro
627 2863 840 2948 (theodoar)
870 2866 996 2932 collatis
1018 2884 1089 2930 cum
1111 2885 1171 2931 scr.
1191 2886 1254 2948 pro

190 3069 225 3133 2θ)
245 3066 339 3136 Neque
356 3066 429 3136 apud
445 3066 519 3136 ipsos
529 3064 647 3121 Graecos
665 3065 797 3134 exempla,
814 3063 844 3119 in
859 3067 956 3135 quibus
970 3067 1057 3121 vocali
1069 3067 1139 3121 inter
1153 3072 1254 3120 mutam

121 3155 141 3205 rt
171 3150 375 3217 sequentem
406 3146 534 3216 liquidam
559 3145 719 3216 interposita
744 3147 797 3200 hoo
824 3147 981 3202 metathesis
1007 3162 1091 3214 genus
1117 3151 1255 3215 tamquam

121 3234 258 3286 antaeum
275 3227 411 3292 videatur,
437 3228 467 3281 in
483 3226 545 3281 luce
563 3232 626 3281 sunt
643 3225 741 3295 posita.
776 3227 818 3280 Eo
837 3228 993 3297 suspicatus
1011 3227 1048 3280 sis
1063 3223 1169 3295 χάλαζα
1194 3231 1252 3294 (pro

121 3307 288 3381 ‘palad-jc)
305 3308 455 3376 pertinere,
482 3323 597 3377 quocum
621 3324 673 3362 scr.
691 3306 826 3361 brad-oni
847 3310 1071 3376 (tempestas),
1089 3305 1165 3360 zend.
1184 3303 1256 3358 zrdd

124 3391 292 3457 crepare)
315 3388 361 3441 lat.
380 3385 488 3458 prendo
511 3388 612 3442 sloven.
629 3387 716 3458 proclo
740 3391 785 3452 (=
797 3385 913 3457 χάλαζα)
937 3387 1011 3443 haud
1035 3385 1116 3439 dubie
1140 3389 1255 3451 cognata

121 3474 186 3527 runt
204 3472 240 3534 (v.
259 3467 335 3522 Ourt.
354 3484 381 3537 p.
403 3472 469 3534 186).
505 3468 608 3523 Tamen
632 3467 700 3522 illud
717 3468 824 3522 minime
843 3472 946 3522 certum
964 3470 1014 3532 est,
1034 3465 1160 3536 quoniam
1176 3464 1255 3519 radix

121 3551 161 3606 ris
179 3547 324 3604 vocabulis
342 3548 465 3603 subiecta
489 3547 603 3619 *qbrod
619 3563 633 3601 e
651 3547 780 3616 primaria
797 3548 856 3603 rad.
873 3547 946 3619 plor
963 3559 1090 3602 sonare
1107 3544 1254 3600 caedente

121 3630 250 3685 dlittera
269 3627 418 3697 composita
436 3627 579 3699 (*pbor-d)
597 3627 710 3694 videtur,
728 3645 751 3682 v.
771 3628 849 3681 Fick.
867 3644 895 3695 p.
915 3631 955 3680 72.
991 3627 1088 3695 ltaque
1105 3625 1179 3680 haud
1197 3626 1253 3682 scio

121 3723 157 3765 sn
174 3708 279 3763 rectius
296 3708 325 3762 in
340 3708 434 3778 χαλαδ
448 3708 600 3764 alterum
619 3727 636 3759 α
653 3707 850 3776 interpositum,
868 3707 897 3769 ip
914 3706 1068 3774 linguarum
1077 3712 1254 3775 cognatarum

121 3787 218 3845 ?ormis
236 3789 366 3859 liquidam
384 3787 560 3856 anticipatam
577 3803 637 3844 esse
655 3794 816 3843 statuamus.

192 3871 228 3935 2ο)
246 3869 367 3925 Haec'et
383 3885 400 3922 r
416 3872 444 3922 et
462 3869 640 3938 antiquiorem
663 3870 814 3924 litterarum
841 3867 1046 3924 collocationem
1072 3867 1251 3935 retinuerunt,

121 3961 188 4003 mum
205 3965 237 4005 es
255 3965 316 4006 cum
332 3949 470 4020 plectendi
487 3951 570 4005 verbo
587 3949 730 4005 cohaerere
747 3949 801 4004 iam
818 3964 874 4006 non
891 3950 1042 4005 sentiretur.
