2828 4776
652 391 754 444 Erman

345 584 491 628 οκιοντοι
514 561 657 643 πάσχειν
680 559 762 640 ow]-

345 661 423 738 τούς
446 657 492 738 ὡς
515 659 699 741 πολεμίους
722 660 779 724 καὶ

344 760 501 845 νηποινεὶ
522 754 698 824 τεθνάναι,

343 845 386 919 Ιτοὶ
411 854 447 921 δὲ
469 850 616 941 χρήματ’
642 850 751 918 αὐτῶν
775 851 812 916 ‹l-

347 951 473 1039 ημόσια
497 947 594 1031 εἶναι,
618 949 656 1015 τὸ
680 947 714 1014 ‹l'
740 949 801 1016 ἒπ-

348 1048 505 1115 ιδέκατον
528 1048 602 1134 ἱρὸν
623 1055 683 1113 τοῦ
698 1044 751 1111 Ά-

347 1145 521 1224 πόλλοινος
544 1148 682 1211 καὶτοῦ
704 1151 788 1230 Στρ-

347 1243 481 1327 ύμονος.
511 1242 590 1320 τούς
613 1242 650 1308 δὲ
672 1265 803 1327 προστ-

349 1339 432 1418 άτας
455 1339 652 1424 ἀναγράψαι
675 1336 752 1404 αὐτ-

350 1436 409 1515 οὺς
432 1437 468 1515 ἐς
491 1436 615 1524 στήλην
641 1437 788 1522 λιθίνην.

350 1530 390 1620 ἢν
415 1535 452 1601 δέ
474 1559 527 1612 τις
549 1534 588 1598 τὸ
616 1533 780 1620 ψήφισμα

349 1631 571 1719 ἅναψηφίζΙη]
596 1627 617 1719 ἢ
638 1630 763 1695 καταδ-

350 1734 487 1816 έχ[η]ιαι
509 1729 648 1805 τούτους
669 1734 763 1809 τέχν-

349 1854 369 1913 ῃ
397 1823 415 1914 ἢ
439 1835 570 1914 μηχανῇ
594 1822 761 1912 δίτλεηιοῦ-

349 1949 377 2005 ν,
400 1923 442 1988 τὰ
462 1923 617 2011 χρήματα
640 1920 743 1988 αὐτοῦ
766 1922 851 2009 δημ-

351 2020 430 2086 όσιοι
454 2020 540 2086 ἔστω
565 2023 622 2085 καὶ
645 2017 746 2098 αὐτὸς

352 2122 503 2204 φευγέτω
518 2114 724 2204 Ἀμφίπολιν

351 2211 541 2302 ἄειφονίην.
1233 2222 1254 2270 ti

145 2315 147 2322 y
213 2348 261 2405 Vs.
283 2352 312 2402 19
332 2352 359 2403 et
377 2353 409 2402 20
429 2352 470 2399 El-
484 2353 513 2402 ot
530 2352 567 2413 Ε,
592 2346 664 2416 quod
683 2347 712 2400 in
734 2346 824 2415 lapide
846 2351 899 2409 est,
922 2359 939 2398 a
957 2345 1096 2400 Boeokhio
1119 2345 1149 2401 in
1169 2365 1183 2415 ‚u
1204 2351 1252 2405 stu

144 2433 278 2484 mutatum
296 2434 345 2486 ost
373 2428 417 2490 rof.
436 2446 461 2498 p.
481 2432 548 2491 262.)

233 2587 284 2648 26.
321 2585 447 2649 Titulus
470 2583 710 2668 Olynthius,
740 2579 845 2646 editus
873 2600 893 2646 a
915 2581 1060 2666 Sauppio
1084 2583 1118 2659 (l.
1142 2584 1190 2663 1.),
1216 2579 1255 2663 qui

147 2680 275 2745 titulum
297 2700 383 2745 anno
408 2683 556 2745 394-93
580 2700 609 2745 a.
634 2677 707 2744 chr.
730 2678 850 2743 tribuit.

234 2775 313 2843 Cum
327 2777 394 2844 iam
407 2777 515 2844 brevis
527 2778 629 2843 forma
638 2772 1008 2861 ἄμφοιέροιςοοουινολ,
1025 2776 1204 2842 uerendum
1213 2781 1257 2854 est,

147 2893 190 2939 ne
205 2880 325 2941 temere
341 2876 458 2958 omnia,
472 2877 565 2958 ‘quae
586 2875 639 2939 hio
660 2873 819 2955 leguntur,
841 2893 921 2956 puro
936 2873 1116 2940 tribuamus
1131 2874 1257 2940 iouismo.

148 2971 199 3037 Ne
219 2970 316 3054 igitur
337 2971 459 3056 legem,
483 2992 580 3055 quam
602 2969 696 3036 nobis
717 2970 751 3034 in
773 2968 901 3036 utendis
923 2967 1023 3036 titulis
1045 2972 1258 3038 recentioribus

80 3062 83 3074 ’
147 3067 287 3134 diximus
311 3073 353 3152 (p.
378 3074 462 3151 255),
491 3070 657 3149 violemus,
687 3067 726 3133 iis
749 3073 873 3132 tantum
895 3067 1005 3133 formis
1024 3076 1168 3151 utemur,
1194 3086 1259 3152 quae

149 3166 191 3232 ab
214 3165 321 3232 attiois
345 3166 504 3233 differunt.
549 3166 647 3233 Tales
670 3165 704 3247 in
726 3165 819 3230 titulo
842 3170 1011 3230 ooourrunt
1032 3165 1113 3232 hae:

191 3259 376 3350 ἀλλήλοισι,
400 3262 488 3344 ἔτεα,
511 3263 697 3343 τελέοννας,
720 3261 827 3342 τέλεα,
851 3260 1082 3348 Μακεδονίης,
1108 3263 1227 3349 φιλίην.

234 3389 284 3450 27.
321 3385 448 3452 Titulus
470 3385 729 3475 Trallianus,
754 3382 788 3449 0.
804 3383 828 3447 Ι.
846 3383 884 3449 G.
901 3386 995 3466 2919,
1018 3384 1126 3451 medio
1149 3383 1259 3451 saeoulo

149 3490 262 3566 quarto
286 3483 430 3566 scriptus.
476 3481 560 3548 Certi
582 3482 709 3546 ionismi
731 3481 841 3546 insunt
862 3481 911 3544 hi:

425 3578 527 3658 ἐ’νεος,
547 3576 793 3662 Ἀρταοέσοεω,
816 3577 995 3665 ἱκετηρίην.

235 3680 286 3742 28.
324 3678 462 3742 Decreta
484 3676 753 3761 Mylasensis,
777 3672 813 3740 n'
836 3676 861 3740 Ι.
879 3675 917 3742 G.
942 3679 1035 3755 2691,
1059 3697 1089 3757 a,
1109 3677 1141 3759 b,
1157 3697 1182 3759 o,
1199 3676 1258 3756 d‚e‚

151 3782 182 3840 et
202 3775 274 3857 ipsa
288 3773 394 3840 medio
411 3781 524 3857 quarto
540 3776 669 3839 saeculo
692 3753 820 3857 seripta.
865 3774 979 3839 Insunt
1001 3775 1161 3839 nonnulla
1173 3789 1258 3854 aeque

150 3892 171 3936 a
193 3892 272 3954 puro
295 3891 442 3937 sermone
463 3872 568 3936 ionioo
590 3878 687 3954 atque
709 3871 751 3935 ab
773 3871 870 3935 attioo
892 3870 1116 3936 abhorrentia:

235 3964 556 4053 ἒξαιθρανῑεύοντος,
581 3968 680 4052 φιλοιί
702 3972 771 4050 (pro
794 3967 919 4053 φυλαί),
943 3965 1122 4053 ἐξημίωσε,
1146 3967 1258 4050 ἐπιψη-
