2828 4776
144 330 206 392 342
615 334 811 404 Chalkiopulos

230 506 319 572 Haec
347 506 444 589 igitur
470 505 625 572 dialectus
653 528 719 573 non
748 508 853 574 minus
882 527 978 591 quam
1007 514 1136 574 ceterae
1164 527 1264 575 omnes

144 623 283 688 graecae
305 604 509 685 recentiores,
533 603 679 670 similiter
706 610 804 688 atque
831 605 962 689 linguae
990 625 1012 670 a
1039 612 1151 672 vetere
1174 606 1267 671 latina

145 708 243 784 ortae,
261 701 395 784 linguae
409 700 562 784 antiquae
576 721 674 768 sonos
689 721 747 786 per
761 704 891 769 saecula
906 723 947 769 ex
961 703 1114 769 universa
1131 702 1267 769 diluendi

144 807 177 866 et
199 798 387 866 emolliendi
408 799 601 865 necessitate
615 798 706 864 varie
721 800 918 884 multumque
934 799 1079 883 mutavit,
1102 806 1200 883 atque
1214 801 1262 883 ita,

143 905 179 963 ut
201 897 350 979 easdem,
381 917 463 979 quae
491 896 624 962 cumin
652 897 767 964 ceteris
796 899 944 965 omnibus
965 897 1268 980 Indogcrmanorum

143 995 264 1079 linguis
285 994 390 1078 magis
412 994 558 1060 minusve
580 1001 647 1060 tum
668 995 703 1060 in
718 1001 828 1061 vetere
842 1016 960 1080 graeca
980 995 1046 1060 iam
1061 996 1129 1062 late
1152 1002 1267 1078 patent,

144 1111 274 1173 causas,
298 1112 353 1158 cur
374 1092 446 1158 soni
468 1098 645 1175 mutentur,
676 1092 772 1158 etiam
794 1113 880 1159 nunc
901 1112 1095 1177 cognoscere
1116 1093 1269 1178 possimus

143 1197 208 1258 tres
230 1191 314 1273 illas,
339 1210 418 1273 quas
441 1189 573 1273 exponit
593 1189 719 1256 Curtius
740 1191 897 1257 Element.
921 1191 1052 1276 etymol.
1077 1190 1132 1257 (ir.
1149 1212 1181 1276 p.
1197 1194 1268 1257 380:

232 1294 261 1365 1)
305 1287 371 1352 vim
393 1307 542 1353 sonorum
565 1287 752 1370 vicinorum,

229 1390 261 1463 2)
305 1386 371 1450 vim
393 1405 562 1465 sonorum,
592 1385 646 1466 qui
674 1383 768 1451 nobis
796 1384 981 1452 nolentibus
1009 1386 1173 1469 excidunt,
1201 1386 1221 1451 i.
1243 1404 1266 1451 e.

143 1503 292 1549 sonorum
315 1482 558 1561 irrationalium,
995 1535 998 1540 .

229 1584 260 1655 3)
305 1579 443 1645 studium
466 1599 562 1646 sonos
583 1579 666 1646 alios
688 1581 729 1646 ab
753 1579 826 1646 aliis
849 1579 1078 1663 distinguendi.

606 1853 809 1862 .—

560 2086 701 2154 GAPUT
723 2089 860 2155 PRIUS.

426 2269 495 2339 DE
525 2270 988 2340 CONSONAN'HBUS.

91 2421 115 2531 γ’
228 2439 370 2507 Easdem
391 2441 498 2524 leges,
528 2462 609 2525 quas
636 2443 670 2507 in
700 2442 933 2526 antiquioribus
965 2444 1086 2526 linguis
1114 2445 1225 2510 valere
1247 2464 1264 2507 a

140 2538 359 2622 grammaticis
382 2539 609 2622 comparativis
632 2539 885 2607 demonstratum
907 2548 966 2625 est,
989 2548 1022 2607 et
1035 2561 1108 2607 eam
1123 2541 1264 2622 maxime,

141 2642 177 2701 ut
199 2636 270 2702 soni
292 2636 410 2718 quique
431 2637 640 2720 pronuntiatu
662 2637 860 2704 difficiliores
876 2638 912 2704 in
926 2637 1087 2705 faciliores
1101 2645 1265 2719 mutentur,

142 2732 185 2799 ad
215 2732 429 2798 neolooricam
459 2753 584 2816 quoque
617 2733 789 2801 dialectum
817 2736 994 2820 pertinere,
1024 2736 1120 2803 facile
1149 2736 1265 2802 intelle

140 2830 235 2914 gitur.
281 2831 386 2913 Atque
408 2832 544 2914 primum
574 2830 702 2914 quidem
735 2834 923 2918 explosivae
952 2835 1082 2899 omnino
1107 2833 1264 2917 graviores

142 2934 175 2993 et
205 2925 399 2994 difficiliores
428 2928 471 2994 ad
500 2928 775 3012 pronuntiandum
808 2951 904 3013 quam
932 2930 1117 3013 fricativae,
1157 2928 1264 2997 deindo

141 3031 254 3091 tenues
276 3025 442 3107 graviores
471 3046 567 3109 quam
589 3026 728 3109 mediae,
758 3029 852 3093 tertio
881 3028 1041 3111 spirantes
1066 3049 1087 3093 a
1108 3027 1263 3094 veteribm

140 3123 292 3207 aspiratis
315 3129 404 3189 ortae
423 3148 462 3207 χ,
485 3124 513 3207 f,
536 3128 565 3188 θ
586 3123 751 3206 graviores
772 3132 847 3191 sunt
874 3146 970 3208 quam
993 3124 1155 3210 spirantes
1182 3127 1263 3191 lenes

142 3241 182 3288 ex
204 3218 320 3287 mediis
343 3227 432 3287 ortae
453 3245 483 3306 y,
506 3220 539 3304 b,
564 3219 592 3286 ὁ,

231 3318 300 3383 Neo
314 3317 421 3385 minus
437 3337 476 3383 ea
499 3337 582 3399 quae
601 3339 642 3384 ex
657 3319 796 3402 organis,
821 3319 935 3401 quibus
946 3318 1205 3402 pronuntiantur,
1225 3319 1263 3382 in·

142 3426 241 3485 venta
261 3424 309 3484 est
324 3437 474 3483 sonomm
489 3415 589 3481 series
604 3416 638 3481 in
655 3415 793 3482 dialecto
808 3416 990 3482 neolocrioa
1004 3415 1204 3499 observatur,
1225 3415 1262 3478 ita

142 3522 177 3581 ut
198 3515 276 3581 inde
298 3515 339 3580 ab
363 3516 426 3580 oris
448 3512 595 3597 partibus
610 3513 813 3580 interioribus
836 3513 880 3578 ad
895 3513 1070 3579 exteriores
1085 3514 1158 3578 soni
1173 3520 1262 3578 trans

141 3613 294 3695 ferantur,
318 3612 339 3676 i.
363 3632 391 3678 e.
414 3610 601 3695 gutturales,
625 3631 709 3694 quae
730 3611 904 3694 gignuntur
925 3611 1037 3675 intimo
1060 3617 1204 3694 gutture,
1232 3609 1260 3672 in

140 3711 304 3794 proximas
326 3708 491 3789 dentales,
515 3707 663 3775 dentales
686 3709 720 3773 in
742 3708 894 3790 labiales,
918 3727 1000 3790 quae
1021 3707 1198 3792 gignuntur
1216 3726 1260 3773 er·

140 3810 250 3874 tremis
275 3806 389 3889 labiis,
419 3806 514 3872 facile
540 3807 656 3872 mutari
678 3806 813 3890 possint.
857 3804 981 3884 Quibus
1009 3804 1051 3870 de
1073 3807 1170 3872 rebus
1190 3803 1258 3870 satis

141 3904 200 3971 erit
223 3926 277 3972 eos
300 3904 353 3987 qui
375 3904 457 3970 haec
478 3905 590 3986 legunt
611 3904 655 3970 ad
678 3903 716 3969 G.
741 3902 840 3968 Curtii
862 3903 965 3969 Elem.
988 3904 1130 3988 Etymol.
1153 3925 1184 3988 p.
1206 3901 1256 3964 405
