2828 4776
541 359 574 414 de
591 359 735 415 metathesi
752 373 856 430 graeca.
1195 353 1255 421 183

121 535 275 618 *κιρθη,
298 530 418 598 deinde
445 531 479 596 in
508 528 613 614 κριθή
642 532 802 598 transiret.
849 532 896 596 Eo
925 549 1002 596 vero
1026 529 1086 594 hoe
1109 529 1256 595 effectum

121 629 220 711 iicit,
243 627 332 712 quod
354 653 372 711 ρ
395 627 502 692 vocali
523 628 730 711 praecedenti
751 629 893 711 aliquam
915 628 964 694 sui
979 634 1103 711 partem
1119 627 1257 708 cederet,

121 733 245 809 ltaque
275 727 348 809 ipsa
378 724 547 790 debilitata
573 745 643 790 cum
666 733 742 792 ante
772 727 952 810 proximam
974 745 1148 792 consonam
1172 733 1257 793 stare

121 847 199 895 non
220 830 340 908 posset,
364 824 602 905 anticiparetur.
647 823 716 905 Ego
739 830 845 889 autem
868 824 957 888 nullo
980 821 1075 887 modo
1091 822 1256 906 intellego,

121 921 294 1008 puomodo
327 945 345 1004 p
375 919 639 986 debilitatum
671 920 760 986 illam
789 941 860 987 sese
892 919 1088 1002 adiungendi
1117 921 1170 985 vel
1202 940 1258 1004 ap-

121 1019 278 1106 plicandi
308 1017 494 1083 facultatem
516 1017 637 1093 habere
659 1017 806 1101 potuerit,
830 1038 893 1100 qua
914 1018 957 1083 ad
978 1017 1180 1083 metathesim
1204 1017 1259 1082 ad·

121 1116 326 1185 mittendam
349 1134 429 1198 opus
452 1120 511 1181 est.
555 1114 688 1197 Spectas
709 1114 792 1179 illud
816 1115 925 1197 ‘perde’
950 1122 1004 1185 t==
1024 1121 1147 1197 postca)
1171 1121 1203 1179 et
1219 1115 1258 1180 si·

121 1214 244 1295 milia,
274 1232 358 1295 quae
384 1212 586 1293 Bragmanae
609 1231 628 1276 e
651 1211 787 1277 dialecto
810 1210 952 1276 francica
973 1212 1120 1277 chanana
1141 1213 1257 1293 attulit,

121 1311 197 1376 nbi
217 1310 361 1394 liquidae
382 1315 447 1374 tam
471 1309 565 1374 exilis
588 1315 636 1374 est
657 1328 763 1389 sonus,
787 1313 821 1372 ut
843 1309 915 1392 ipsa
936 1310 991 1374 vix
1006 1306 1202 1392 percipiatur
1216 1344 1258 1356 -

121 1429 216 1473 uum
236 1407 401 1492 putaveris
429 1407 527 1471 talem
550 1405 751 1471 debilitatam
774 1405 914 1478 litteram
937 1426 1088 1488 umquam
1111 1429 1181 1476 esse
1203 1431 1259 1476 an-

121 1503 325 1588 doipatam‘?
347 1506 397 1570 Ea
419 1503 513 1570 facile
535 1523 614 1568 sane
635 1523 765 1587 prorsus
791 1522 984 1569 evanescere
998 1506 1102 1587 potuit
1118 1543 1158 1553 -
1174 1508 1260 1591 quod

121 1600 164 1662 ln
203 1602 258 1667 illa
280 1603 418 1669 dialecto
441 1600 599 1666 interdurn
622 1600 689 1667 fieri
714 1601 801 1666 etin
824 1600 877 1666 lat.
896 1600 980 1684 pedo
1004 1606 1074 1684 (pro
1092 1605 1195 1688 perdo
1217 1637 1260 1657 ==

121 1715 187 1778 gr.
209 1700 336 1784 πέρόω)
359 1699 476 1764 factum
500 1717 571 1763 esse
593 1698 677 1764 idem
701 1700 904 1780 Brugmanus
927 1698 1020 1764 affert
1034 1703 1260 1786 —transponi

121 1799 166 1855 bt
198 1806 265 1880 post
286 1803 408 1863 mutam
430 1797 527 1878 plene
549 1795 758 1877 pronuntiari,
782 1815 852 1859 cum
876 1796 940 1860 ianr
964 1801 1040 1863 ante
1062 1806 1183 1866 mutam
1205 1801 1261 1866 vix

121 1895 344 1976 proferretur,
381 1914 447 1958 non
475 1893 587 1976 potuit.
642 1892 707 1959 Sed
736 1894 781 1957 ita
802 1891 937 1957 fortasse
960 1913 1001 1958 ne
1024 1895 1260 1962 Delbrueckius

122 1992 266 2062 quidam
290 2011 349 2057 nec
372 1992 574 2073 Brugmanus
602 2011 669 2056 rem
691 1990 751 2056 sibi
775 1989 882 2069 finxit,
906 2025 948 2034 -
971 1991 1016 2054 ita
1038 1993 1159 2074 potius,
1185 2002 1258 2078 ιιιρ

125 2078 290 2173 litteram,
314 2110 384 2155 cum
407 2088 653 2172 praecedentem
677 2088 822 2152 vocalem
844 2087 1057 2170 produxisset,
1081 2096 1190 2155 tamen
1213 2091 1261 2156 di·

132 2183 254 2253 stincte
223 2187 463 2270 tpronuntiat
464 2191 572 2252 amet
593 2202 697 2267 paene
723 2183 882 2266 integram
909 2192 1069 2250 servatam
1095 2193 1260 2269 putarent:

136 2268 340 2371 *ai—0372
368 2281 565 2371 *κῑιιθη-
595 2287 786 2366 *κῑρθη-
809 2280 950 2367 *aptdpfl
1000 2282 1053 2349 Sic
1082 2304 1161 2351 sane
1189 2306 1262 2351 oon-

143 2382 390 2448 cedendumt
342 2388 390 2446 est
410 2387 511 2446 metat
498 2378 614 2446 thesim
636 2378 737 2444 admit
725 2379 761 2443 ιιι
783 2399 824 2462 po
827 2378 934 2444 tuisse.

225 2479 380 2558 Quamvis
402 2498 478 2543 vero
501 2477 650 2559 exempla
672 2478 793 2541 vocalis
815 2483 891 2541 aute
914 2497 1017 2559 ocum
1034 2498 1176 2543 consona
1191 2500 1262 2562 pro·

152 2569 256 2642 ductae
285 2595 350 2640 non
377 2574 412 2640 in
439 2577 511 2640 luce
540 2575 647 2657 posita
676 2575 753 2654 sint,
788 2574 848 2638 nisi
878 2574 974 2654 haec,
999 2574 1054 2639 ubi
1075 2576 1262 2643 metathesis

150 2674 335 2753 accessit,t
322 2679 430 2738 tamen
457 2672 491 2736 in
520 2672 680 2755 plerisque
710 2692 775 2735 non
798 2671 918 2752 dubito,
942 2672 1019 2752 quin
1041 2680 1127 2739 recte
1149 2675 1264 2756 produ·

147 2771 254 2836 ctionis
275 2790 313 2834 ra
313 2770 432 2835 tionem
454 2770 503 2834 illi
523 2769 755 2852 perspexerint.
800 2771 923 2835 lamen
946 2790 1016 2833 curn
1032 2778 1142 2836 conste
1144 2771 1266 2837 tinter-

146 2869 217 2933 dum
233 2893 245 2932 ι
264 2874 297 2932 et
312 2891 329 2929 o
346 2887 411 2931 non
423 2867 528 2932 minus
540 2887 635 2949 quam
647 2889 678 2944 α,
691 2892 717 2944 s,
732 2891 750 2930 0
764 2865 947 2949 amplrfica
939 2888 1013 2933 rone
1029 2887 1077 2948 ea,
1094 2889 1190 2966 quam
1205 2890 1264 2935 nos

145 2965 345 3048 ‘organisohe
366 2963 526 3070 dehnung’
551 2963 695 3044 dicimus,
718 2962 874 3046 producta
896 2965 1037 3030 evasisse
1061 2964 1111 3043 (cf.
1133 2974 1174 3031 τῑ
1175 2988 1245 3030 σι
1247 2991 1264 3042 ς

141 3060 285 3148 -τ-ῑμή,
310 3047 405 3147 ‹pst-
407 3065 821 3146 σι-ς-φθῐίᾘμβροτος
845 3072 924 3144 κρυ·
927 3086 1020 3139 ος-
1036 3061 1160 3145 κρυμός
1183 3070 1264 3145 oet.,)

141 3161 240 3227 facile
262 3158 355 3224 vides
376 3158 533 3222 nonnulla
556 3177 596 3223 en
617 3158 669 3223 his
692 3159 896 3241 exemplist
871 3181 917 3224 ra
940 3159 1095 3242 explicari
1110 3180 1214 3242 posse,
1230 3168 1265 3225 ιιι

139 3260 231 3344 prius
253 3273 306 3321 me
308 3255 503 3338 tathesim,t
505 3276 556 3320 um
574 3254 701 3320 demum
717 3255 860 3338 prcduct
852 3275 958 3321 ronam
974 3256 1091 3320 laetam
1106 3262 1265 3339 putemus.

137 3357 211 3423 Hoc
233 3353 373 3418 manime
402 3352 488 3417 cadit
516 3352 550 3416 in
572 3372 611 3417 ea
634 3353 791 3435 exempla,
815 3353 870 3417 ubi
891 3354 1013 3418 formae
1035 3360 1191 3436 cognatae
1212 3373 1266 3416 vo·

138 3455 246 3520 calens
269 3456 448 3534 correptam
470 3451 602 3516 habent.
645 3450 699 3516 Sic
721 3461 874 3536 σφρῖγος,
898 3449 984 3533 quod
999 3450 1200 3531 Brugmanus
1221 3449 1267 3515 al-

138 3548 396 3632 fert,tp1·oxime
423 3547 466 3612 ad
498 3552 667 3634 *σφῑργος
694 3547 828 3612 formam
856 3545 962 3612 redire
984 3565 1022 3612 eo
1045 3546 1256 3612 incertum
1222 3546 1265 3629 fi

139 3645 261 3732 quod
253 3667 287 3710 ιιι
317 3655 436 3731 σφῷ-γ
438 3643 476 3708 ά·
478 3668 504 3708 ω
538 3645 631 3718 radix
654 3654 755 3730 σφρῖγ
787 3643 992 3709 metathesi
984 3662 1048 3708 ram
1076 3643 1191 3708 affecta
1213 3663 1267 3709 vo·

139 3744 206 3813 cali
229 3742 320 3808 brevi
342 3742 449 3807 utitur
494 3743 599 3824 Atque
619 3741 727 3808 formis
750 3728 900 3827 saudyca
924 3741 1032 3817 (Anth
987 3741 1090 3805 tP
1121 3747 1149 3823 7,
1180 3744 1265 3822 293),

139 3841 320 3928 ἔβρυχον(
311 3840 419 3915 (A.nth
436 3843 454 3903 9
457 3839 566 3921 ,,252)
590 3827 733 3925 ἒτριβην
749 3847 780 3905 et
794 3843 959 3946 τέτριφα
962 3858 991 3903 ιι.
949 3838 1068 3915 Ver
1071 3837 1121 3902 ch
1148 3860 1179 3921 p.
1194 3838 1266 3915 516)

138 3938 254 4006 nescio
277 3958 321 4004 an
343 3937 439 4002 facile
462 3956 499 4002 eo
524 3936 692 4018 ducamur,
721 3942 757 4001 ut
779 3951 908 4023 φρῦγω,
931 3923 1053 4017 βρυχω,
1078 3923 1179 4020 aposto
1203 3956 1267 4001 non
