2828 4776
176 360 220 414 De
236 375 365 416 sonorum
382 363 577 429 affectionibus,
597 379 666 434 quac
683 364 870 434 percipiuntur
887 365 915 419 in
934 365 995 420 dial.
1015 366 1175 421 neolocrica.
1212 362 1272 424 371

236 534 434 602 Vocabulum
464 534 610 620 κρόμυον
639 538 721 603 solet
751 538 951 620 pronuntiari
980 557 1063 604 nunc
1091 540 1180 603 velut
1201 537 1274 600 lara-

147 635 243 711 midi,
274 657 295 701 a
316 636 425 701 Locris
449 642 557 700 autem
585 635 674 700 velut
695 633 850 720 Ινννοιίόἱ,
876 633 1038 712 ποντικός
1070 638 1158 717 (μῦς)
1186 636 1275 703 velut

143 732 304 816 partibor,
335 754 355 799 a
376 734 485 799 Locris
503 730 709 817 ppota'lriola).

668 1001 686 1071 ἓ
713 1000 761 1060 11.

276 1168 328 1231 De
350 1166 526 1229 rarioribus
550 1164 730 1251 quibasdam
753 1166 904 1227 vocalium
927 1162 1151 1248 affectionibus.

234 1323 302 1386 Iam
332 1320 650 1386 commemorabimus
679 1319 871 1385 mutationes
899 1318 1061 1383 vocalium
1089 1318 1272 1399 nonnullas,

145 1421 265 1503 quibus
293 1438 398 1501 neque
426 1416 590 1483 obscurari
617 1435 721 1498 neque
749 1417 908 1482 attenuari
937 1417 1007 1483 soni
1030 1412 1189 1481 videntur.
1234 1414 1273 1479 In

147 1517 201 1582 his
222 1517 379 1583 incertam
402 1513 565 1598 quandam
593 1520 625 1579 ct
646 1513 751 1580 minus
774 1513 959 1580 distinctam
981 1513 1273 1598 pronuntiationem

144 1614 334 1680 mutationis
363 1632 494 1678 causam
523 1610 621 1676 fuisse
642 1630 816 1694 cognoscas
839 1632 879 1678 ex
905 1632 959 1689 eo,
982 1612 1068 1694 quod
1091 1629 1218 1695 semper
1238 1609 1273 1674 in

145 1712 293 1796 syllabis,
317 1731 400 1793 quae
421 1715 555 1776 accentu
578 1714 696 1789 carent,
723 1710 848 1792 positae
863 1717 937 1776 sunt
951 1729 1012 1775 nec
1026 1730 1097 1775 raro
1115 1708 1273 1773 informis

146 1809 347 1877 secundariis
369 1809 433 1874 iam
455 1810 554 1892 plane
576 1814 785 1874 evanuerunt.

274 1946 306 2018 a)
351 1942 364 2002 i
383 1947 523 2005 mutatur
543 1939 577 2004 in
601 1961 636 2003 a:

232 2072 431 2138 Vocabulum
453 2068 545 2150 ἴχνος
566 2068 664 2134 hodie
686 2074 779 2134 sonat
801 2069 889 2134 velut
912 2068 1100 2149 amartion),
1124 2065 1178 2131 ubi
1200 2086 1272 2131 cum

143 2191 164 2231 a
188 2170 292 2235 altera
312 2170 347 2233 in
370 2167 512 2234 secunda
533 2167 661 2251 syllaba
682 2164 810 2242 addita,
840 2171 908 2229 tum
929 2188 949 2244 χ
970 2164 1158 2248 gutturalis,
1189 2182 1271 2247 quac

142 2273 223 2332 ante
245 2287 265 2328 ο
287 2266 321 2331 fit
343 2265 471 2346 veleris,
494 2284 591 2329 causa
612 2263 797 2328 mutationis
820 2269 896 2329 erat.

273 2395 309 2481 b)
353 2398 368 2458 i
386 2402 525 2461 mutatur
545 2396 579 2459 in
602 2416 633 2460 c:

231 2528 375 2611 rapidiora
403 2547 460 2609 pro
490 2526 656 2610 ῥιπίόιον,
686 2526 791 2592 edilis
819 2548 876 2610 pro
907 2523 1032 2602 ἰδικός,
1067 2522 1164 2587 irrina
1195 2478 1271 2610 (lat.

141 2629 252 2699 ccmo)
276 2645 334 2708 pro
357 2628 469 2708 κρίνω.
991 2651 993 2657 ·

274 2758 302 2832 c)
348 2777 365 2818 ο
388 2761 527 2820 mutatur
548 2755 582 2820 in
604 2777 636 2820 a:

138 2981 195 3046 bk
224 2881 397 2967 Ὄλυμπος
432 2887 559 2952 auditur
588 2888 676 2952 velut
706 2870 856 2951 Elimbos.
915 2886 1047 2970 βίμβυξ
1072 2889 1160 2954 velut
1189 2910 1271 2952 vem·

160 2984 284 3058 iiior).

231 3143 249 3181 a
272 3118 306 3181 in
330 3141 347 3180 ο
370 3119 537 3184 transiisse
559 3117 701 3198 videtur,
731 3137 792 3184 nec
821 3124 929 3184 tamen
953 3097 1066 3185 revera
1088 3120 1214 3186 transiit
1236 3121 1270 3185 in

139 3215 262 3296 verbis,
287 3235 370 3297 quae
391 3217 603 3280 terminantur
624 3214 721 3279 hodie
743 3216 777 3280 in
800 3236 877 3278 -aro
900 3236 958 3299 pro
981 3239 1079 3281 -ονωε

230 3346 391 3429 meyaidrao
414 3366 471 3428 pro
486 3343 667 3429 papatiam,
691 3346 824 3424 apaldoo
840 3366 897 3429 pro
913 3343 1083 3428 ἀπαλύνω,
1107 3345 1270 3410 νοοΙοΙοόοο

139 3463 201 3527 pro
216 3440 406 3523 μαλακύνω,
430 3441 577 3524 aiasro‘rw
593 3463 650 3525 pro
666 3439 844 3529 ἒλαφρύνω
863 3449 922 3509 cet.
967 3442 1056 3509 Haec
1078 3445 1164 3509 enim
1186 3445 1271 3510 simi·

140 3541 218 3605 liter
240 3547 336 3621 atque
358 3539 458 3604 verba
472 3539 505 3603 in
521 3560 598 3602 -ono
614 3559 672 3622 pro
687 3546 743 3604 att.
759 3562 822 3602 -oo
846 3560 887 3606 ex
909 3540 987 3623 ipsis
1009 3540 1177 3606 adiectivis
1200 3542 1234 3606 in
1250 3565 1268 3606 ο

141 3634 301 3722 (μεγαλο)
325 3635 450 3701 deflexa
472 3642 555 3700 sunt.
599 3637 668 3702 Nec
690 3637 794 3702 minus
817 3659 835 3700 0
858 3637 892 3701 in
915 3658 934 3698 a
955 3637 1122 3702 transiisse
1144 3643 1269 3702 tantum

139 3733 271 3800 videtur
286 3734 320 3797 in
335 3733 512 3817 participiis
527 3752 649 3816 praes:
671 3735 704 3798 in
720 3754 861 3796 -ameoas
875 3753 933 3817 pro
950 3742 1014 3799 vot.
1029 3758 1170 3816 -ομενος
1182 3734 1270 3801 velut

139 3833 191 3897 in:
215 3833 390 3915 leydmenoc
405 3851 462 3913 pro
477 3828 667 3914 λεγόμενος,
691 3832 871 3910 ονχάοοοοοο
884 3851 941 3914 pro
958 3828 1147 3914 ἐρχόμενος.
1181 3833 1270 3899 Haec

139 3949 184 3996 ex
206 3928 360 4011 analogia
381 3927 621 4012 participiorum
643 3947 708 3992 aor.
731 3929 748 3993 Ι
769 3928 906 3994 formata
927 3935 1010 3994 sunt.
