2828 4776
424 352 466 407 De
484 355 579 410 aoristi
596 352 674 410 latini
690 356 818 425 reliquiis.
1128 348 1190 410 439

58 530 186 591 tantum
202 544 241 586 oo
251 523 372 609 sorios,
387 524 528 608 ussurus
543 526 673 604 dixisse,
689 527 786 609 longe
800 524 997 608 frequentius
1013 522 1190 607 reserere,

55 643 96 687 rae
119 623 241 694 roton,
265 622 406 690 Graeuos
427 623 461 688 in
482 624 614 690 vetandi
636 623 767 689 medua
788 621 833 710 μὴ
854 621 1120 708 sponsores-pc,
1143 619 1188 709 μὴ

55 711 102 808 ᾗς
125 741 256 805 prorsus
270 721 463 789 abstinuisse
478 729 510 788 et
526 729 650 788 tantum
672 719 715 806 μὴ
733 725 935 806 apocalyps,
958 719 1003 807 μὴ
1027 726 1105 806 γένῃ
1130 720 1191 786 sibi

56 819 269 887 concessisse.
320 820 362 885 m
394 820 465 903 quis
494 820 636 904 ignorat,
670 826 813 886 vetustas
842 820 1011 885 verborum
1040 818 1192 901 reliquias

56 917 214 985 iaoillime
243 918 278 983 in
303 919 397 985 uentis
420 918 609 1002 quibusdam
630 916 783 1000 loquendi
804 916 949 983 formulis
972 917 1096 999 vulgari
1119 936 1192 982 oon-

60 1015 233 1085 suetudiue
254 1015 386 1083 sanoitis
407 1016 597 1083 adservari?
629 1016 735 1095 Quare
757 1013 892 1080 fortasse
915 1035 956 1081 ne
978 1014 1039 1080 hoe
1061 1012 1190 1096 quidem

60 1135 139 1182 essu
153 1115 274 1181 fautum
290 1121 347 1197 est,
371 1115 457 1198 quod
473 1135 580 1182 oseum
593 1113 683 1198 surb,
707 1133 728 1178 a
749 1112 849 1180 latino
862 1111 1191 1195 soussignifioatione

57 1234 126 1279 non
146 1211 334 1289 ¹diversum,
363 1211 414 1278 bis
441 1218 565 1278 tantum
596 1213 672 1285 [tab.
702 1210 832 1276 Bantin.
856 1210 877 1273 l.
901 1212 951 1289 28,
976 1213 1028 1281 29)
1057 1216 1129 1292 post
1158 1214 1191 1272 oi

54 1308 249 1396 partientem
273 1309 398 1392 legitur,
423 1329 505 1393 quae
527 1308 664 1375 eandem
688 1316 784 1392 atque
805 1312 844 1369 ue
864 1307 930 1371 rim
954 1306 1060 1371 habet.

145 1406 296 1490 Denique
310 1427 415 1491 pauea
430 1406 569 1474 dicenda
585 1412 660 1472 sunt
682 1406 722 1472 de
744 1406 783 1472 iis
805 1405 921 1487 verbis,
944 1424 1076 1487 quorum
1099 1424 1191 1488 prae·

54 1504 166 1573 sentia
180 1505 269 1589 apud
283 1506 445 1571 Romanos
459 1505 550 1572 verbi
564 1504 705 1571 radioem
728 1507 741 1566 i
760 1503 868 1571 littera
881 1513 1007 1572 anetam
1025 1505 1188 1586 exhibent,

54 1623 77 1670 a
99 1601 236 1686 reliquis
257 1602 453 1687 temporibus
474 1603 593 1668 aliena.
641 1600 761 1687 Cape-0
783 1604 879 1687 enim,
899 1606 1033 1688 por-i-o,
1054 1601 1187 1685 sod-i-o,

54 1701 127 1766 alia
148 1719 233 1784 quae
254 1701 369 1766 ternae
391 1701 489 1783 vulgo
513 1699 661 1766 dicuntur
683 1701 922 1784 conjugationis
938 1702 1039 1768 verba
1061 1720 1131 1766 oum
1149 1698 1189 1764 iis

58 1798 255 1865 (inuenerem
270 1799 378 1864 verbis
393 1797 611 1881 eomparanda
626 1818 706 1879 esse,
723 1818 806 1881 quae
820 1798 938 1866 radiois
953 1799 1067 1866 eadem
1081 1798 1190 1863 littera

62 1898 178 1960 auome
196 1895 335 1977 vestigia
359 1894 437 1961 satie
464 1895 636 1961 manifesta
665 1895 854 1978 ostendunt,
884 1904 918 1961 ut
945 1901 1081 1961 arata-o
1109 1896 1129 1959 i.
1160 1914 1187 1960 e.

63 2013 226 2072 κτεν-ι-ω,
249 1988 361 2076 βάλλω
383 1993 404 2057 i.
428 2012 455 2058 o.
478 1993 631 2075 βαλ-ι-ω,
655 1993 803 2060 omnibus
825 1994 877 2076 qui
900 1993 950 2060 his
971 1993 1005 2059 in
1020 1992 1116 2058 rebus
1132 1992 1190 2056 ali·

60 2087 140 2173 quid
158 2089 351 2172 intellegunt
371 2091 663 2175 exploratissimum
686 2097 744 2156 est.
774 2091 881 2170 Quare
903 2111 985 2174 quae
1007 2088 1189 2174 apariendi

59 2186 159 2253 verbo
179 2187 273 2253 nobis
295 2194 444 2255 servatae
465 2195 539 2253 sunt
561 2188 644 2254 dnae
664 2188 825 2271 participii
839 2188 960 2253 formae
978 2190 1135 2272 por-i-errr
1158 2193 1190 2251 et

56 2304 194 2370 panesa,
217 2284 302 2351 inter
323 2285 383 2351 has
405 2305 445 2351 ea
465 2285 537 2369 ipsa
551 2285 632 2351 ratio
646 2284 815 2351 intersedit
829 2304 912 2367 quae
926 2286 1010 2350 inter
1031 2287 1188 2348 areta-or

58 2384 81 2448 i.
104 2402 132 2450 e.
153 2405 329 2449 κτεν-ι-ων
352 2388 384 2448 et
405 2382 560 2461 κταν-ών,
583 2380 715 2466 βάλλων
737 2383 757 2447 i.
782 2402 809 2448 e.
832 2381 993 2465 βαλ-ι-ων
1017 2389 1049 2448 et
1065 2379 1188 2464 βαλών.

56 2480 122 2547 Illa
141 2479 321 2565 praesentis
342 2479 482 2562 speeiem
505 2498 582 2563 prae
604 2498 640 2545 se
661 2480 737 2560 fert,
760 2481 841 2546 haeo
862 2481 982 2546 aoristi.
1026 2480 1133 2561 Atque
1154 2479 1188 2542 in

56 2577 120 2646 hoe
141 2576 271 2662 quidem
295 2578 443 2661 exemplo
466 2577 510 2643 ad
531 2577 691 2644 formandi
720 2578 932 2644 differentiam
960 2576 1085 2645 aooedit
1112 2595 1188 2642 usus

54 2676 240 2756 diserimen‚
264 2681 296 2741 et
316 2673 351 2739 id
373 2676 502 2757 quidem
517 2678 738 2761 certissimum,
761 2698 837 2744 nam
855 2679 986 2762 porr'errr
1007 2684 1056 2743 ost
1078 2669 1097 2762 ἡ
1121 2678 1189 2739 τίκ·

56 2794 177 2849 τουσα,
197 2795 312 2859 pureus
333 2770 352 2862 ἡ
368 2781 523 2858 τεκοῦσα,
542 2790 693 2861 par-erues
707 2784 781 2844 sunt
796 2776 829 2841 oi
843 2774 1008 2853 τεκόντες.
1038 2773 1078 2839 Id
1093 2774 1189 2857 igitur

61 2889 141 2933 num
162 2869 285 2939 fortuito
306 2873 425 2938 fantum
448 2892 520 2940 esse
541 2874 706 2941 disemus?
735 2874 830 2941 Haud
845 2875 958 2958 ignoro
973 2872 1061 2957 apud
1075 2879 1187 2955 poetas

60 2983 197 3049 grueoos
213 2972 389 3052 praesentis
409 2971 511 3036 forma
528 2967 546 3058 ἦ
563 2975 723 3036 τίκτουσα
738 2972 898 3037 interdum
914 2992 979 3037 non
995 2989 1187 3054 puerperam

57 3062 119 3130 sed
141 3070 274 3135 matrem
299 3068 487 3153 significari,
517 3088 710 3152 quamquam
738 3069 799 3133 hoe
826 3068 871 3150 ibi
901 3075 1024 3133 tantum
1053 3065 1102 3148 fit,
1132 3064 1247 3128 ubi1x

56 3163 239 3247 plusoulum
256 3167 409 3250 ponderis
430 3165 654 3249 signifieationi
669 3165 818 3250 adjicitur
841 3165 951 3248 (Sept.
967 3165 1083 3229 Eleutr.
1102 3166 1186 3239 342).

26 3258 164 3349 *Quare
191 3283 257 3328 non
285 3264 412 3347 negabo
441 3263 508 3330 fieri
536 3264 693 3347 potuisse,
727 3268 761 3327 ut
786 3283 903 3346 pareas
931 3261 1121 3345 apariente
1150 3279 1187 3326 eo

54 3363 182 3424 tuntum
205 3359 356 3443 differret,
380 3360 466 3443 quod
488 3361 585 3445 priori
607 3360 729 3428 formae
752 3362 765 3422 i
785 3361 892 3426 littera
914 3359 1076 3426 subtracta
1091 3364 1185 3423 esset.

54 3455 98 3520 Et
120 3456 166 3522 sie
189 3476 262 3523 eam
284 3457 459 3543 explioavit
479 3459 602 3524 Pottius
625 3457 1109 3545 (Etymolog.Forseh.I‚116i‚
1133 3456 1186 3538 qui

53 3550 193 3617 eandem
209 3554 349 3621 litteram
363 3557 397 3621 in
412 3556 641 3640 beneficentior,
657 3555 885 3639 mopaifieeatio
907 3554 1052 3621 similiter
1072 3553 1185 3620 oiisam

51 3667 126 3715 esse
149 3657 268 3718 oensei.
312 3655 417 3736 Atque
440 3661 664 3737 exspectamus
692 3673 772 3719 sane
799 3641 1043 3738 beaufieierrtior',
1068 3653 1186 3734 mopsi·

48 3745 202 3830 finientis.
253 3748 452 3833 Quamquam
482 3751 593 3816 horum
621 3750 792 3817 verborum
822 3750 903 3816 ratio
931 3751 1029 3835 paulo
1058 3749 1187 3815 diversa

51 3849 103 3910 est
118 3852 299 3930 propterea,
323 3847 409 3931 quod
431 3867 491 3914 neo
513 3847 660 3933 beneficio
683 3847 740 3914 sed
763 3848 838 3911 berre
850 3848 946 3931 fua‘o
968 3850 1002 3913 in
1024 3867 1083 3913 usu
1106 3852 1184 3923 erat,

51 3961 114 4008 neo
136 3942 268 4026 positivi
291 3945 344 4027 qui
366 3952 441 4011 sunt
461 3944 629 4030 beneficus,
653 3945 833 4031 mupar’fieus
859 3947 894 4012 in
913 3947 975 4013 hao
996 3942 1184 4028 quaestione
