2828 4776
448 368 481 424 de
497 367 640 422 metathesi
657 382 762 436 graeca.
1105 366 1166 428 149

46 532 174 619 dubitat,
196 559 271 604 num
287 539 368 605 iorte
382 539 416 603 in
439 539 500 604 hoo
521 539 680 605 rooalis
702 538 879 623 anticipata
894 540 944 605 sit.
979 537 1044 606 Sed
1061 546 1166 606 exstat

50 635 134 718 apud
152 636 344 722 Hesychium
374 633 494 720 κύρνος
521 635 624 701 torma
654 635 705 712 (oi.
727 636 869 702 Lobeok.
893 637 1012 704 Parali.
1035 658 1066 721 p.
1091 640 1166 712 339)

54 739 77 801 et
98 741 264 817 cognatum
287 741 336 799 est
359 738 521 817 κέρ-ασος
543 753 677 816 nomen,
701 754 731 798 v.
755 733 840 799 Curt.
864 755 895 818 p.
921 738 998 819 1413
1022 734 1167 801 Hehnius

54 848 121 895 vero
142 829 314 914 ‘Culturpfl.
336 853 367 895 u.
390 832 535 897 Hausth!
564 853 596 916 p.
620 833 682 896 292
714 831 836 897 arboris
869 851 987 898 nomen
1019 832 1089 898 iure
1124 831 1167 898 ad

58 928 187 995 duritiam
209 928 290 1012 ligni
312 927 366 1004 [de
383 927 455 993 rad.
472 953 553 1012 καρ-
575 949 672 1013 supra
695 927 845 1004 diximus)
868 929 1017 995 retulisse
1038 929 1167 996 videtur

59 1025 156 1092 collato
191 1026 365 1093 vernaculo
403 1024 598 1108 ‘tortriepel’
630 1032 661 1092 et
692 1025 856 1110 Theophr.
878 1025 910 1089 h.
934 1027 978 1109 pl.
1002 1031 1031 1108 3,
1058 1030 1106 1110 12,
1134 1032 1167 1091 1:

60 1120 87 1184 τὸ
108 1122 140 1189 δὲ
163 1121 259 1203 ξύλαν
272 1129 335 1211 τῆς
350 1127 508 1207 κρανείας
528 1116 690 1207 ἀκάρδιον
707 1124 764 1188 καὶ
780 1122 918 1209 στερεὸν
935 1119 1022 1200 ὅλον,
1047 1119 1167 1204 ὅμοιον

10 1256 13 1263 -
62 1223 155 1303 κέρατι
183 1241 211 1286 e.
242 1241 273 1304 q.
301 1240 348 1302 sq.
393 1219 500 1300 Quare
530 1240 602 1286 eum
636 1219 776 1285 dubitari
808 1226 963 1303 nequeat,
997 1220 1073 1303 quin
1108 1239 1168 1287 eae

10 1352 17 1359 -
62 1315 167 1400 formae,
189 1317 223 1383 in
246 1318 362 1400 quibus
383 1317 508 1401 liquida
530 1318 675 1383 vooalem
698 1318 849 1401 sequitur,
873 1317 1069 1400 antiquiores
1093 1318 1167 1394 sint,

10 1416 15 1457 f
63 1430 167 1479 comum
196 1421 303 1481 antem
326 1435 344 1481 e
366 1415 504 1482 Graecia
525 1416 558 1481 in
580 1415 709 1480 Italiam
731 1416 978 1498 transmigrasse
1000 1414 1167 1481 verisimil-

10 1512 16 1599 }
63 1508 149 1575 linum
170 1512 212 1577 sit
234 1515 278 1590 (v.
301 1512 461 1579 Hehnium
483 1514 504 1577 l·.
528 1515 573 1594 l.)‚
599 1515 660 1578 hoo
682 1514 747 1578 iam
769 1513 991 1595 antiquissimo
1013 1518 1167 1595 tempore,

11 1642 14 1649 ·
64 1624 115 1672 oon
134 1609 246 1676 Graeoi
268 1610 411 1675 nondum
442 1609 564 1696 κράνος
593 1610 853 1696 pronuntiarent,
888 1611 941 1677 vel
974 1629 1033 1694 per
1053 1610 1167 1690 Dares,

10 1738 13 1745 ·
64 1705 101 1785 qui
119 1712 277 1791 *καρ-νος
299 1707 433 1774 formam
448 1707 584 1776 fortasse
599 1708 718 1774 diutius
731 1708 940 1790 retinuerunt,
963 1707 1081 1774 iaotum
1097 1725 1169 1774 osso

10 1814 13 1843 ²
64 1805 228 1872 sumendum
251 1805 360 1881 erit⁴⁶t

128 1907 174 1967 12.
196 1901 321 1989 κράδῃ,
345 1899 500 1989 κραδάω,
531 1901 701 1987 κραδαίνω
725 1901 851 1969 Curtius
873 1924 904 1987 p.
930 1906 990 1967 146
1014 1922 1085 1968 oum
1108 1921 1167 1967 ser.

63 1992 131 2075 istro,
151 2000 208 2065 lat.
231 1999 329 2062 cordo
351 1999 537 2084 composuit,
558 1999 690 2065 Fiokius
712 2018 790 2066 vero
813 2022 844 2084 p.
860 2004 901 2065 37
921 1998 1063 2065 radicem
1086 1997 1171 2062 iord

10 2128 13 2133 ,
63 2096 197 2176 repar
234 2095 332 2175 (unde
370 2100 509 2181 σκαίρω)
545 2095 719 2163 aooedente
755 2097 778 2159 d
811 2098 919 2163 littera
956 2102 1057 2161 ortam
1095 2114 1168 2162 esse

63 2191 274 2260 animadvertit.
322 2193 475 2261 Servatus
497 2200 546 2259 est
567 2193 746 2259 litterarum
768 2194 846 2259 ordo
868 2195 902 2259 in
925 2190 1057 2276 καρδία,
1081 2190 1167 2273 quod

10 2286 17 2307 ⁵
63 2293 150 2368 prooul
171 2291 269 2356 dubio
291 2290 334 2356 ad
358 2291 494 2358 eandem
517 2290 659 2356 radioem
681 2290 764 2357 redit
787 2300 829 2367 (v.
854 2291 939 2357 Curt.
964 2311 996 2374 p.
1022 2292 1111 2370 137),
1135 2295 1167 2355 et

64 2415 92 2429 -
109 2388 261 2470 siquidem
283 2388 410 2456 Curtius
432 2396 518 2456 reete
540 2389 581 2454 de
610 2409 719 2456 eorum
748 2389 871 2473 origine
899 2387 1051 2454 statuisse
1079 2385 1167 2450 vide

63 2484 152 2545 tur-
172 2486 207 2552 in
229 2484 371 2574 κορδύλη
402 2483 595 2573 (κοροδύλη)
625 2487 743 2552 olava
774 2493 806 2552 et
836 2487 870 2551 in
902 2482 1042 2567 κόρδαξ·
1074 2476 1167 2559 εἶδος

64 2570 211 2668 ὀρχήσεως
232 2583 374 2669 Hesyoh.

128 2685 173 2746 13.
197 2685 323 2766 κρηπίς
345 2687 516 2763 cognatum
539 2687 588 2746 est
609 2700 681 2746 oum
704 2680 760 2745 iat.
790 2680 1023 2763 corp-iamlam,
1052 2679 1167 2745 lituan.

10 2802 15 2809 ·
62 2768 148 2860 turpe.
178 2779 301 2846 sloven.
331 2771 439 2859 breuis}
472 2798 501 2842 v.
525 2778 616 2844 Fiok.
639 2800 671 2862 p.
695 2781 767 2844 348.
811 2775 951 2859 Liquido
987 2777 1167 2861 postposita

10 2868 13 2873 ’
61 2877 214 2949 permansit
233 2876 268 2941 in
290 2879 486 2961 καρβατίνη,
505 2895 567 2958 quo
591 2876 632 2941 de
655 2875 692 2940 oi.
709 2874 888 2940 Walternm
907 2874 975 2939 KZ.
998 2874 1074 2955 XII,
1092 2876 1165 2954 379,

10 2994 12 2999 ·
62 2963 125 3038 tua.
146 2995 176 3057 p.
199 2976 273 3038 490.
317 2975 368 3038 De
389 2972 514 3055 radiae,
538 2993 633 3054 qnam
655 2973 787 3037 Fiokius
810 2973 831 3037 l.
854 2971 875 3036 l.
897 2970 995 3055 olearp
1025 2988 1166 3036 seoare

61 3079 115 3135 esso
132 3072 217 3154 oioit,
240 3071 321 3136 nihil
343 3092 400 3154 pro
423 3076 509 3135 oerto
531 3069 683 3135 affirmari
704 3069 833 3152 poterit.

10 3190 13 3197 ·
127 3174 173 3234 14.
196 3167 362 3252 κραιπνός
384 3189 442 3251 pro
464 3164 702 3250 *κρανι-ινα-ς,
736 3167 826 3233 ouius
853 3165 994 3231 radioem
1023 3163 1103 3246 loorp
1132 3161 1166 3226 in

62 3264 250 3349 καρπάλιμος
271 3265 430 3348 integram
453 3271 612 3331 servatam
635 3282 707 3329 esse
728 3264 793 3328 iam
807 3282 905 3348 supra
919 3260 1059 3327 vidimus
1075 3265 1106 3336 (§
1122 3263 1164 3335 3).

61 3351 155 3430 Nesoio
175 3386 219 3431 an
242 3362 374 3429 Fiokius
396 3363 418 3426 1.
441 3362 463 3427 i.
486 3368 573 3428 reete
600 3361 656 3426 lat.
686 3369 866 3443 carpentum
895 3357 1009 3424 eodem
1037 3357 1164 3422 referat.

61 3448 228 3528 tonaliter
249 3479 287 3526 ao
310 3459 351 3525 de
374 3457 539 3544 κραιπνός
561 3479 632 3524 oum
655 3453 868 3542 καρπάλιμος
885 3461 1069 3540 comparato
1085 3453 1165 3518 iudi-

113 3703 289 3772 11))1πόλλων
307 3711 440 3775 Καρνεῖος
458 3706 526 3760 nihil
543 3705 578 3760 ad
597 3719 707 3760 cornum
724 3701 843 3771 pertinet
854 3705 929 3755 -ut
946 3716 963 3755 a
980 3698 1117 3753 Pausania
1136 3703 1163 3752 et

61 3773 107 3833 ³¹5⁸
121 3789 229 3844 traditur
254 3788 299 3852 tei.
319 3787 458 3842 Benseleri
481 3787 563 3841 ‘Wtb.
583 3787 608 3841 d.
626 3801 665 3853 gr.
683 3784 745 3840 En?
763 3798 789 3852 p.
809 3786 877 3846 616),
896 3780 945 3836 sed
963 3797 980 3835 a
998 3779 1051 3848 κάρ
1069 3779 1164 3835 aries

62 3855 114 3919 (8011.
124 3869 228 3937 καρνός)
239 3884 387 3937 cognomen
397 3866 501 3921 habuit.
522 3865 561 3920 Oi.
572 3866 749 3921 Welokerum
758 3857 891 3917 ‘Gottert’
902 3863 924 3930 I,
937 3866 995 3926 171,
1012 3859 1164 3915 Prellerum

61 3928 153 4027 Mittor
168 3965 209 4018 gr.
228 3950 250 4017 1,
273 3951 329 4003 194.
