2828 4776
148 325 208 387 194
629 328 796 396 Siegismund

145 520 219 567 nem
247 500 384 578 habent,
414 501 526 567 ductas
555 518 626 565 esse
653 500 764 565 voluit.
809 498 861 564 Ad
883 500 1021 566 eandem
1042 500 1113 566 rad.
1137 501 1197 564 *lta
1213 496 1249 568 ia-

146 597 233 664 dices
265 597 364 670 *leura
403 601 480 660 Ιννναν
507 603 566 662 cet.
595 596 714 663 referre
745 598 830 661 licet.
874 594 1063 677 Κνάπτειν,
1100 597 1250 682 γνάπτενν,

144 694 330 780 γνάμπτειν
357 701 467 760 tamen
499 712 542 758 ne
573 714 659 759 nunc
692 694 823 776 quidem
854 695 1020 761 commode
1053 716 1075 761 a
1106 694 1251 778 κάμπτειν

145 795 306 877 segregari
328 791 479 858 concedo.

232 896 280 955 10.
304 895 395 955 πνέω
419 888 499 968 (rad.
522 895 600 962 πνν)
629 889 657 954 si
684 910 755 954 cum
783 888 894 954 theod.
915 888 1043 972 scelere
1075 892 1254 958 anhelare

143 990 266 1055 sloven.
301 985 406 1071 pluita
436 986 478 1051 al.
513 991 554 1064 (ν.
579 985 665 1051 Ourt.
694 1008 726 1070 p.
750 989 824 1064 262)
860 985 904 1050 ad
941 986 1081 1053 eandem
1117 989 1255 1072 originem

143 1084 236 1167 redit,
258 1105 325 1149 non
338 1103 396 1166 pro
412 1084 561 1167 exemplo
580 1084 769 1150 metathesis
783 1084 871 1167 apuld
887 1084 1027 1150 Graecos
1042 1085 1151 1151 factae
1165 1087 1255 1151 afferri

143 1189 258 1267 potest.
302 1181 434 1246 Fiekius
463 1201 494 1263 p.
521 1184 581 1246 126
613 1186 705 1247 πνέω
740 1202 811 1246 oum
844 1201 904 1247 ser.
934 1203 978 1266 pu
1012 1185 1161 1266 (pov-ote
1191 1190 1256 1259 eet.)

144 1279 339 1362 composuit,
369 1277 454 1360 quod
476 1277 612 1343 fortasse
632 1279 679 1343 ita
701 1280 804 1362 accipi
826 1280 942 1361 voluit,
974 1287 1009 1344 ut
1035 1280 1175 1346 radicem
1203 1306 1254 1344 πνυ

144 1376 288 1461 e*pc-o
314 1376 420 1440 nasali
448 1375 625 1458 anticipata
647 1375 804 1459 prodiisse
825 1383 1027 1461 putaremus5
1050 1378 1137 1459 quod
1160 1398 1256 1444 vereor

143 1482 178 1540 ut
199 1473 329 1557 probari
351 1472 462 1556 possit.
506 1473 612 1537 Etiam
634 1472 795 1540 difficilius
816 1482 865 1540 est
888 1474 928 1540 de

232 1576 281 1635 11.
304 1559 410 1654 πνΐγω
433 1569 593 1636 iudicium.
639 1571 821 1637 Verisimile
842 1579 951 1638 tamen
983 1571 1111 1637 videtur
1138 1572 1197 1636 hoo
1222 1571 1256 1635 ad

144 1669 282 1735 eandem
304 1668 445 1734 radicem
468 1673 568 1751 *ερας
590 1676 688 1750 atque
711 1673 843 1754 σφίνγω
866 1668 981 1751 redire,
1004 1689 1076 1734 eum
1092 1689 1134 1735 ex
1150 1675 1256 1754 *spoep

141 1803 184 1812 -
207 1771 336 1849 *σπιγγ
358 1772 526 1846 utrumque
547 1767 680 1832 verbum
702 1765 878 1831 secundum
907 1767 1039 1849 linguae
1072 1768 1165 1849 leges
1195 1767 1256 1832 oriri

141 1865 281 1949 potuerit
296 1870 328 1929 et
347 1862 596 1946 significationes
617 1865 701 1930 bene
723 1863 890 1945 quadrent.
934 1863 972 1929 Id
996 1862 1124 1929 Curtius
1147 1882 1257 1946 quoque

142 1984 174 2047 p.
199 1965 260 2027 653
290 1961 452 2042 concedit,
482 1981 675 2042 quamquam
704 1981 736 2043 p.
763 1965 822 2025 176
850 1968 973 2025 tantum
1003 1965 1138 2047 oqtyyor
1162 1968 1192 2027 et
1211 1962 1256 2024 lat.

134 2060 207 2146 fiqo
230 2058 367 2140 confert,
395 2046 501 2142 πνῗνω
524 2066 631 2124 autem
653 2058 697 2122 ad
718 2055 787 2122 rad.
809 2081 875 2121 πνυ
898 2058 1058 2140 pertinere
1081 2059 1257 2142 suspicatur

141 2193 185 2206 -
206 2158 257 2222 De
288 2157 344 2222 lat.
378 2159 536 2239 alloquere
565 2156 613 2229 (L.
643 2156 754 2238 Meyer
781 2153 865 2235 ‘Vgl
895 2155 959 2220 Gr)
981 2156 1008 2234 Ι,
1034 2160 1124 2239 188),
1162 2155 1256 2222 theod.

142 2254 258 2317 rtielren
288 2252 438 2329 (Oorssen
460 2256 485 2335 I,
512 2255 601 2334 179),
635 2272 694 2317 scr.
723 2270 798 2335 ερας
820 2252 922 2328 (Fick.
946 2274 977 2335 p.
1004 2258 1077 2330 115)
1111 2255 1192 2319 nihil
1221 2253 1257 2318 af-

142 2351 243 2417 firmo.
266 2387 321 2403 -κ

228 2447 322 2527 Quod
343 2448 377 2511 in
405 2445 593 2527 κνώδαλον,
626 2457 785 2531 σκνῖφος,
819 2443 953 2524 κνῑπός,
983 2435 1092 2530 πνΐγω
1115 2456 1175 2514 eet.
1197 2469 1257 2531 pro

143 2545 239 2610 ducta
261 2544 383 2609 vocalis
405 2549 468 2626 est,
491 2543 526 2608 id
547 2564 676 2627 prorsus
699 2542 836 2608 eandem
859 2543 1016 2609 rationem
1039 2545 1162 2611 habere
1182 2552 1258 2630 patet

143 2664 239 2726 quam
253 2641 430 2726 productio,
453 2662 548 2723 quam
570 2647 587 2718 ξ
605 2646 622 2705 7
639 2642 672 2705 in
688 2637 803 2726 κρῐθή,
823 2638 950 2724 χρύσός
965 2642 1035 2706 sim.
1050 2645 1257 2724 cognovimus,

143 2760 215 2806 eam
245 2738 381 2820 scilicet,
419 2746 454 2803 ut
486 2739 608 2804 nasalis
637 2737 781 2803 nondum
813 2737 1009 2820 transposita
1041 2739 1184 2821 aliquam
1218 2741 1257 2806 sni

142 2843 266 2920 partem
296 2835 500 2918 praecedenti
524 2837 629 2902 vocali
650 2835 780 2902 eederet
800 2835 908 2917 itaque
929 2836 1011 2900 haec
1032 2838 1256 2920 produceretur.

142 2935 262 3000 Nititur
283 2939 391 2999 autem
413 2934 495 2998 haec
516 2954 590 3000 mea
610 2933 771 2999 sententia
793 2951 846 3014 eo,
871 2932 972 3014 quod,
1006 2935 1128 2999 utiam
1150 2933 1255 3015 monui,

142 3031 215 3098 Joh.
249 3030 443 3096 Schmidtius
480 3031 576 3096 etiam
613 3038 689 3096 ante
725 3035 847 3094 mutam
883 3031 988 3095 nasali
1023 3031 1255 3114 productionem

142 3128 225 3196 effici
247 3146 342 3212 posse
364 3127 444 3191 milri
465 3129 638 3210 persuasit,
672 3128 719 3192 ita
747 3135 782 3191 ut
803 3128 1022 3209 Brugmanum
1044 3128 1199 3196 ‘Studien’
1218 3127 1255 3194 lll

141 3248 173 3311 p.
198 3230 235 3289 71
266 3245 334 3307 sqq.
363 3224 480 3289 iniuria
507 3225 541 3289 id
569 3245 706 3308 negasse
733 3231 853 3309 putem.
897 3224 962 3291 Sed
994 3226 1028 3291 in
1060 3228 1112 3294 his
1145 3245 1255 3310 quoque

141 3322 382 3389 concedendum
419 3327 468 3387 est
490 3343 563 3387 nos
599 3322 739 3403 nescire,
779 3342 822 3386 an
857 3342 923 3387 non
959 3323 1120 3406 quaedam
1157 3328 1253 3391 horum

141 3420 368 3486 vocabulorum
399 3420 499 3496 (velut
527 3408 650 3502 rcri'ym,
680 3419 719 3483 cf.
744 3439 809 3484 aor.
833 3408 985 3506 ἐπνῖγην)
1020 3420 1149 3487 demum
1177 3426 1253 3506 post

56 3589 65 3610 ‚
141 3516 344 3583 metathesim
366 3517 489 3583 vocalis
509 3515 789 3599 amplificationem
811 3516 992 3583 asciverint.

226 3614 375 3695 Denique
405 3636 503 3679 unum
536 3614 718 3696 exemplum
750 3613 784 3677 in
818 3622 967 3698 promptu
997 3616 1104 3682 habeo
1135 3615 1249 3693 nesciis,

143 3728 225 3792 quae
247 3711 290 3775 ad
312 3709 458 3774 suffixum
481 3711 628 3794 pertinet,
651 3717 892 3776 transmutatae.
936 3713 996 3777 Est

24 3807 25 3810 ’
231 3812 278 3871 12.
301 3807 365 3871 dat.
395 3806 531 3890 άρνάσι,
560 3825 653 3889 quem
683 3807 796 3873 eodem
818 3809 914 3872 modo
936 3828 998 3890 quo
1021 3805 1182 3894 ἀνδράσιν
1201 3811 1246 3870 cet.

141 3907 185 3981 (v.
209 3923 305 3987 supra
328 3909 346 3982 §
370 3904 389 3968 6
412 3924 443 3969 n.
468 3906 519 3979 81)
554 3910 658 3969 ortum
689 3912 776 3989 puto.
827 3905 880 3971 Ad
917 3907 1143 3990 explicandam
1178 3903 1244 3972 enim
