2828 4776
152 333 212 396 128
632 334 801 405 Siegismuud

150 512 185 572 ut
200 531 230 585 τ,
254 530 291 572 εκ
314 507 575 591 anticiparentur,
600 528 671 574 eam
694 510 735 575 ob
757 527 825 574 rem
847 506 916 575 fieri
938 514 1058 592 posset,
1081 510 1217 596 quiaqp

149 604 209 668 illa
230 603 397 671 cemmede
418 606 695 689 pronuntiabatur,
718 607 799 671 haec
821 612 854 688 et
872 605 990 671 similia
1005 608 1155 691 exempla
1168 615 1217 677 tau

150 707 236 768 recte
257 701 302 767 ad
322 702 515 785 liquidarum
537 705 739 775 metathesim
761 703 945 771 referemus.

234 798 334 866 Vides
356 801 586 884 pronuntiandi
607 801 808 882 facilitatem,
842 822 1037 885 quamquam
1067 822 1133 867 nen
1161 804 1217 888 prir

149 896 230 979 agit,
260 904 370 964 tamen
392 900 500 982 magni
522 899 675 965 momenti
698 918 768 966 esse
789 898 824 963 in
846 899 1033 984 metathesi;
1059 905 1091 965 et
1113 919 1155 966 ex
1174 920 1217 968 rer

149 999 265 1059 natura
276 1002 527 1064 consentaneum
539 1004 598 1078 est,
613 996 640 1063 si
655 1016 713 1080 per
724 996 922 1063 celeritatem
934 994 1088 1079 loquendi
1103 997 1217 1065 litterar

149 1090 227 1156 ordo
249 1094 447 1177 mutabatur,
476 1095 510 1160 id
532 1096 578 1161 ita
599 1095 719 1160 iactum
741 1113 828 1176 esse,
852 1101 887 1160 ut
908 1094 1019 1161 laciles
1042 1101 1075 1160 et
1097 1104 1207 1180 gratae

148 1194 287 1254 terarum
310 1191 551 1272 coniunctiones
573 1190 749 1276 prodirent.
793 1191 899 1274 Atque
925 1192 960 1257 in
988 1190 1104 1258 eadem
1134 1214 1170 1260 re
1196 1215 1217 1279 p

148 1291 215 1350 tum
238 1293 296 1369 est,
320 1291 406 1371 qued
426 1290 597 1359 metathesi
619 1290 704 1356 lacta
718 1289 891 1372 praecipue
905 1289 1032 1356 litterae
1055 1292 1217 1357 continu

148 1402 219 1448 cum
247 1386 343 1452 mutis
372 1386 621 1470 coniunguntur,
657 1387 818 1452 rarissime
848 1386 932 1453 duae
955 1393 1062 1453 mutae
1084 1389 1217 1457 conveni

147 1487 243 1563 atque
275 1483 321 1548 ibi
353 1483 589 1568 tantummode,
627 1485 683 1550 ubi
715 1482 765 1548 id·
781 1485 851 1551 sine
884 1485 952 1557 ulla
988 1483 1176 1554 difficultate
1210 1490 1217 1551 1

146 1584 282 1661 poterat,
305 1583 442 1647 velutin
456 1587 568 1662 τίκτω,
592 1581 678 1665 qued
692 1583 828 1648 tortasse
844 1601 885 1648 ex
899 1579 1092 1662 *τι-τεκ-ω,
1115 1582 1217 1649 *τι-τ]

147 1682 251 1741 ertum
274 1680 372 1756 est¹³).

232 1776 302 1841 Iam
335 1796 411 1842 vero
446 1796 516 1842 eum
549 1777 623 1857 illa,
661 1796 743 1859 quae
777 1796 874 1860 supra
908 1777 1089 1859 attulimus,
1129 1798 1217 1846 exem

147 1872 324 1956 singularia
352 1881 460 1941 essent
490 1881 521 1940 et
549 1873 785 1957 quodammodo
813 1873 857 1940 ad
890 1875 1123 1958 pronuntiandi
1156 1896 1217 1944 erre

145 1968 346 2056 accederent,
369 1972 510 2056 plurium
533 1973 752 2057 exemplorum
774 1971 984 2038 similitudine
1008 1980 1096 2039 certa
1119 1973 1217 2057 quaed

146 2070 333 2137 metathesis
354 2089 476 2154 genera
497 2070 532 2135 in
553 2071 665 2153 hngua,
686 2090 803 2153 graeca
827 2070 1030 2136 exstiterunt.

229 2168 276 2234 Ac
298 2167 434 2252 primum
458 2167 529 2235 dieo
550 2167 634 2233 illud
655 2187 774 2251 genus,
798 2167 852 2232 ubi
876 2189 922 2232 σκ
946 2173 984 2233 ct
1007 2185 1063 2239 oa
1091 2168 1133 2234 in
1161 2184 1217 2235 ret

144 2266 330 2330 bulorum
352 2265 487 2331 initiis
509 2265 548 2329 in
571 2262 591 2342 ξ
612 2271 650 2331 et
672 2277 701 2347 ψ
723 2284 846 2342 versa
868 2265 1160 2350 conspiciuntur¹⁴b
1197 2265 1217 2333 C

145 2363 232 2429 enim
253 2400 296 2409 —
318 2362 433 2429 eedem
454 2361 544 2428 haud
565 2360 663 2428 dubie
685 2370 845 2446 tempore,
870 2385 932 2446 que
955 2363 1088 2430 Graecis
1119 2364 1217 2431 recab

144 2481 165 2527 a
188 2483 229 2525 σκ
250 2461 313 2527 vel·
328 2482 377 2525 σπ
397 2460 513 2525 litteris
535 2459 724 2543 incipientia
745 2460 850 2525 minus
871 2466 965 2542 grata
987 2466 1018 2525 et
1043 2469 1179 2545 accepta
1206 2480 1217 2528 ε

145 2563 318 2641 coeperant
340 2593 382 2604 -
403 2557 541 2640 primum
571 2557 606 2622 in
637 2578 701 2622 uno
734 2557 787 2623 vel
819 2558 921 2624 altero
953 2557 1113 2623 vocabule
1147 2579 1189 2626 cx

144 2654 341 2739 properandi
368 2653 473 2720 studio
499 2655 648 2737 loquelae
669 2656 881 2722 instrumenta
902 2655 1089 2739 priusquam
1113 2655 1217 2723 debeb

147 2750 190 2818 ad
211 2775 239 2816 π
267 2759 298 2818 et
328 2777 346 2816 κ
384 2752 578 2835 proterenda
614 2761 729 2836 parata
766 2760 873 2820 essent
906 2753 1017 2836 itaque
1054 2756 1147 2835 quasi
1181 2755 1217 2836 lq

144 2849 276 2932 linguae
298 2859 328 2934 ψ
350 2856 382 2916 et
404 2853 423 2931 ξ
444 2850 648 2934 prodiissent,
672 2851 824 2936 deinceps
846 2852 920 2918 aliis
941 2850 1109 2917 vocabulis
1139 2849 1217 2917 eand

142 2946 299 3014 rationem
321 2948 529 3029 sequentibus
558 2949 618 3014 hoc
646 2949 832 3015 metathesis
861 2968 962 3031 genus
988 2948 1169 3030 legitimum
1196 2954 1217 3014 a

144 3065 239 3128 quam
273 3052 304 3111 et
336 3045 384 3110 sui
417 3046 494 3110 iuris
526 3052 574 3112 est
610 3045 738 3112 factum.
783 3046 937 3112 Similiter
973 3065 1051 3112 vero
1089 3046 1124 3112 in
1161 3051 1217 3113 cet

213 3350 242 3416 ¹³)
261 3348 306 3403 Sic
325 3315 524 3405 drassmannus
542 3348 598 3402 KZ.
617 3347 664 3413 XI,
683 3353 716 3402 43
735 3347 841 3414 statuit3
869 3347 916 3402 sed
934 3348 1025 3402 nescio
1047 3357 1088 3403 an'
1102 3348 1205 3403 Curtius

141 3440 167 3499 p.
187 3433 237 3484 628
265 3429 364 3484 rectius
393 3430 474 3482 τίκτω
500 3445 515 3484 e
539 3429 653 3499 simplici
677 3429 734 3484 rad.
760 3447 804 3482 τεκ
822 3447 837 3480 τ
855 3428 944 3483 littera
961 3428 1114 3483 ‚formatum
1138 3427 1217 3484 ct'ce

141 3514 230 3565 ortum
248 3524 307 3565 esse
325 3510 429 3565 dixerit.

212 3615 242 3667 ¹⁴l
261 3611 290 3666 Si
316 3629 333 3664 e
361 3610 496 3666 interdum
524 3611 604 3666 etiam
623 3627 683 3666 eum
702 3611 760 3666 aliis
778 3610 873 3665 litteris
893 3615 1087 3666 commutatum
1105 3617 1158 3676 est,
1191 3613 1216 3664 ut

142 3690 274 3760 chappele,
303 3708 372 3762 quae
397 3692 484 3747 ferma
507 3708 557 3761 pre
582 3693 700 3760 πρεσγύς
726 3692 861 3747 exstitisse
878 3691 995 3746 traditur
1014 3695 1047 3757 (v.
1070 3695 1134 3761 ὃὸ),
1151 3691 1208 3745 haec

141 3773 288 3840 singularia
305 3772 352 3828 illa
368 3773 517 3842 pertinent,
542 3771 575 3827 de
593 3772 690 3842 quibus
708 3772 787 3828 mede
807 3772 930 3828 diximus.
967 3772 1021 3828 Sed
1037 3772 1119 3828 latius
1141 3773 1206 3842 pelet

141 3851 203 3906 dial.
222 3853 324 3908 aeolica
349 3855 364 3914 ζ
384 3853 490 3913 litterae
516 3853 544 3907 in
570 3852 607 3904 ed
631 3853 783 3920 conversio,
811 3853 846 3912 cf.
873 3849 977 3922 aceyo
999 3868 1050 3922 pre
1070 3849 1149 3922 ζυγόν
1163 3843 1218 3906 cci

140 3931 207 3986 Ahr.
226 3949 252 4002 p.
272 3938 313 3987 41.
