2828 4776
475 342 508 398 de
526 341 669 398 metathesi
686 354 791 412 graeca
1138 337 1195 402 131

58 516 193 596 les-tou,
219 513 269 580 a'd.
292 512 419 577 kerata
441 545 483 567 ιε
505 513 614 596 indog.
642 511 807 575 *lter-tou
828 547 870 560 -
892 498 1014 580 sodem'
1034 515 1196 599 pertinere

61 611 305 696 animadvertit.
359 611 443 677 iiinc
474 630 552 677 vero
585 612 631 676 ita
664 610 842 676 concludit:
880 610 939 676 ‘Im
976 611 1195 696 allgemeinen

62 711 195 778 werden
209 709 269 776 wir
285 707 349 774 den
366 708 506 775 weohsel
528 728 592 773 von
615 729 659 773 or
680 707 747 773 und
769 727 813 770 ra
836 707 914 774 oder
935 707 1035 775 deren
1056 708 1198 776 reflexam

65 828 122 874 ror
151 813 388 887 consonantem
422 807 485 871 wie
513 824 547 872 er
574 826 602 870 z.
624 806 656 870 b.
678 805 760 870 auch
790 804 824 869 in
847 824 907 871 scr.
930 807 1028 869 mord.
1042 842 1086 854 --
1107 805 1200 870 mrcd

67 907 129 972 ond
152 904 348 987 unzahligen
370 902 513 969 anderen
535 902 569 968 in
592 903 680 968 allen
696 901 1022 986 indegermanisohen
1036 902 1196 986 sprachen

68 1004 240 1081 erscheint,
273 1002 309 1067 in
337 999 435 1068 deren
463 1000 577 1066 alten
604 1000 727 1066 iormen
757 1019 815 1066 aus
842 998 899 1066 der
921 999 1194 1077 (vermittelnden)

67 1100 259 1185 ansepraehe
291 1118 350 1161 oro
381 1098 534 1164 erkliiran
568 1097 634 1162 und
667 1097 769 1163 demit
800 1097 850 1163 itir
877 1118 897 1158 r
924 1095 991 1161 und
1013 1098 1026 1160 l
1047 1097 1100 1163 die
1129 1117 1198 1166 an·

66 1198 208 1264 nahme
242 1196 313 1263 der
346 1195 588 1262 metathesis
620 1195 816 1278 wenigstens
844 1215 902 1261 aus
931 1194 995 1262 den
1017 1194 1107 1261 alten
1129 1200 1197 1261 ent·

64 1294 291 1377 aichelungen
324 1294 430 1361 dieser
458 1293 616 1377 spraehen
644 1293 852 1359 verbannon'.
895 1293 1010 1374 ltaque
1031 1291 1195 1377 Benieyus

64 1407 146 1473 ag.
168 1410 229 1458 scr.
258 1391 360 1474 pradia
389 1396 525 1476 (capere)
554 1410 594 1456 ex
622 1388 721 1472 perbis
751 1390 797 1463 (in
824 1389 972 1472 perdito-t
1000 1390 1119 1456 collato
1145 1387 1196 1455 td.

61 1507 201 1569 pamma·
231 1508 290 1573 per
321 1489 455 1555 iormam
488 1487 713 1554 intermediam
749 1485 911 1569 *porobh‚
947 1493 1045 1570 atque
1081 1484 1196 1553 eadem

61 1585 187 1653 mtione
208 1605 255 1670 gr.
273 1585 386 1673 φλέγω
409 1587 465 1651 lat.
480 1585 593 1671 stupro
615 1604 656 1651 ex
678 1584 786 1668 indog.
809 1582 935 1667 *thorp
956 1592 1015 1651 oet.
1039 1589 1109 1649 orta
1123 1601 1197 1650 esse
1303 1657 1309 1676 θ

61 1687 170 1766 putat,
202 1684 250 1749 ita
277 1690 312 1749 ut
339 1683 477 1767 primum
504 1682 694 1766 anaptyxis,
730 1681 850 1748 deinde
872 1701 1015 1766 syncope
1035 1682 1121 1747 iacta
1142 1679 1194 1747 sit.

61 1774 217 1855 Quamvis
238 1800 316 1847 vero
339 1780 417 1846 mihi
440 1779 523 1846 duae
543 1781 622 1846 illae
644 1779 831 1845 affectiones
853 1787 923 1844 arte
938 1779 1120 1846 cohaesisse·
1134 1796 1195 1844 nee
1252 1776 1255 1782 '

60 1871 184 1944 formae
215 1877 429 1944 intermediae
460 1879 523 1945 nisi
558 1879 591 1942 in
628 1876 741 1960 paucis
776 1877 943 1942 vocabulis
981 1874 1099 1940 diutius
1126 1895 1208 1960 -usu

60 1975 192 2042 venisse
213 1974 441 2055 videantur¹⁰),
470 1981 579 2041 tamen
601 1974 642 2040 de
664 1994 789 2040 summa
809 1975 856 2040 rei
878 1994 943 2039 non
966 1993 1096 2057 possum
1119 1973 1195 2054 quin

60 2065 206 2159 Bemieyo
229 2071 398 2138 assentiar.

149 2172 206 2237 hist
218 2170 304 2236 enim
316 2188 469 2253 magnum
483 2167 653 2234 discrimen
664 2168 749 2234 inter
759 2177 866 2234 cetera
876 2169 1062 2234 metathesis
1072 2185 1194 2250 genera

60 2263 85 2322 ei
116 2263 184 2333 hoc
212 2286 329 2349 genus,
359 2264 446 2348 quod
466 2265 525 2330 illa
545 2263 589 2329 ad
610 2265 788 2331 recentiora
809 2271 955 2349 tempora
976 2265 1138 2349 pertinent
1160 2271 1193 2331 et

60 2355 110 2421 Vix
139 2383 244 2448 pauca
265 2363 416 2447 exempla
437 2361 481 2427 ad
503 2363 712 2446 complurium
733 2364 915 2447 linguarum
938 2363 1193 2429 communionem

59 2451 167 2527 redire
181 2458 382 2539 videntur20),
406 2459 599 2542 liquidarum
623 2467 654 2526 et
668 2460 828 2527 nasalium
844 2480 913 2526 oum
929 2460 1096 2526 vocalibus
1110 2479 1195 2526 eorn-

60 2558 195 2624 murano
213 2557 279 2623 iam
294 2557 526 2639 antiquissimis
540 2559 737 2641 temporibus
752 2557 895 2624 admissa
910 2564 967 2637 est,
990 2564 1025 2622 ut
1038 2556 1123 2622 infra
1137 2576 1194 2641 ap·

59 2655 196 2726 parebit.
240 2655 348 2737 Atque
364 2648 452 2719 haud
470 2653 566 2721 dubie
582 2655 823 2722 eoncedendum
839 2663 887 2724 est
900 2655 983 2722 illud
997 2652 1193 2740 properandi

59 2746 200 2818 iiudium
223 2751 455 2835 antiquissimis
481 2752 678 2835 temporibus
700 2775 766 2820 non
780 2761 904 2821 tantum
919 2753 1071 2835 valuisse,
1094 2769 1194 2834 quan·

57 2841 122 2909 iim
156 2850 244 2917 idem
273 2849 451 2917 recentiore
479 2855 625 2934 tempore
651 2887 694 2898 -
720 2872 792 2917 oum
821 2853 1049 2918 vocabulorum
1070 2849 1195 2914 formae·

56 2948 164 3025 magis
178 2947 347 3030 magisque
360 2937 567 3014 attenuentur
582 2954 615 3014 et
629 2948 980 3016 minuantur-valere
994 2947 1192 3023 videmini).

55 3026 141 3109 (illm
163 3064 240 3117 vero
262 3045 324 3109 hac
347 3042 388 3110 de
410 3062 508 3111 causa
529 3044 654 3110 initium
674 3046 799 3129 cepisse
812 3047 874 3112 hoo
889 3045 1076 3112 metathesis
1090 3062 1192 3127 genus

54 3174 367 3218 xe...-

60 3351 66 3365 ,
129 3291 164 3357 ¹⁰)
182 3290 226 3346 Sic
245 3305 278 3345 ex
296 3289 446 3361 *sopp-jor,
477 3290 633 3361 *rapax-jo
662 3297 709 3345 aut
735 3291 881 3362 *zopaxjo
908 3290 995 3346 vocali
1020 3294 1101 3345 antea
1122 3289 1191 3344 irra-

51 3355 157 3425 homan
173 3372 251 3440 plene
267 3371 384 3440 prolate,
402 3373 450 3424 aut
467 3371 625 3440 *tnpoxjm
646 3371 777 3443 *rpopjor
796 3370 906 3440 prodiit.

125 3451 164 3513 ²⁰)
180 3449 252 3505 Nam
270 3451 351 3520 quod,
370 3450 441 3506 sicut
459 3449 558 3505 Graeci
576 3466 609 3501 σκ
626 3450 655 3504 in
673 3453 701 3510 ξ,
729 3451 788 3506 Indi
805 3449 838 3504 slc
855 3450 884 3503 in
900 3447 951 3503 lest
976 3452 1146 3503 mutaverunt
1164 3452 1192 3503 et

50 3517 75 3568 ¹²⁸
101 3522 155 3584 illi
178 3533 348 3589 metathesim
374 3531 548 3601 aspirah‘onis
574 3530 753 3598 admiserunt,
782 3531 811 3585 in
837 3545 869 3585 eo
896 3529 1017 3599 utrisque
1041 3528 1192 3598 posteriore

51 3595 184 3676 iimltere
195 3615 352 3670 convenisse
363 3620 440 3683 puto,
458 3610 648 3682 quodquidam
664 3612 718 3667 hoc
734 3611 794 3665 loco
813 3612 921 3679 longum
939 3614 980 3664 est
996 3610 1189 3665 demonstrare.

127 3690 164 3755 21)
181 3691 214 3747 In
237 3693 433 3751 recentioribus
457 3690 579 3747 dialectis
603 3690 746 3745 cuiuslibet
771 3691 875 3760 generis
901 3691 1057 3745 metathesis
1083 3689 1192 3760 saepius

54 3765 188 3827 ⁰00urrit.
225 3771 265 3826 Of.
295 3773 328 3830 de
349 3775 443 3842 lingua
465 3771 551 3826 latina
577 3771 680 3839 vulgari
707 3770 877 3826 Schuchardt
903 3770 1090 3826 ‘Vocalismus’
1108 3769 1122 3824 I
1142 3772 1189 3826 139

54 3829 163 3919 ¹152t,
179 3853 212 3909 de
228 3853 326 3923 linguis
344 3853 457 3908 Roman.
476 3870 501 3906 r.
512 3851 591 3906 Dietz
600 3867 711 3921 gramm.
729 3851 813 3905 1191.
833 3854 891 3917 208,
909 3851 995 3906 Ebert
1011 3849 1190 3929 inRitsehelii

58 3926 160 3987 ihusc.
176 3933 203 3987 II
219 3938 269 3988 540
287 3934 348 3989 adn.

943 4021 958 4064 9
966 4018 982 4052 ι1ι
