2828 4776
153 300 214 364 280
662 307 765 364 Erman

713 572 888 663 ἀλλήλοισι
911 576 995 642 κατὰ

710 673 943 753 ΧαλκιδεΙῦΙσι
968 673 1006 760 ἔγ

151 765 329 855 ἀνέθηκεν.
353 802 392 815 -
707 769 803 852 ἔδοξε
823 773 1070 852 ΜυλασεῦσιΙν]

151 873 309 948 μετέσχεν
333 863 355 954 ἢ
709 865 877 952 ἐλώβενσε
902 872 959 936 καὶ

151 962 372 1051 ἐκοινώνησεν
394 970 456 1051 τῆς
497 969 562 1042 (28)
708 963 934 1050 ἐπεβούλευσε
963 964 1169 1054 Μαυσσώλῳ
1195 1019 1244 1090 (28¹

148 1062 370 1129 Μυλασεῦσιν
394 1064 449 1128 καὶ
707 1060 874 1148 ἐξημίωσε
895 1063 1037 1150 θανάτῳ
1236 1087 1238 1091 ·

149 1157 323 1246 ἐπώλησεν
346 1157 366 1247 ἡ
707 1158 803 1241 ἔδοξε
827 1162 1029 1227 Μυλασεῦσι
1053 1159 1197 1250 dunin.

1068 1265 1103 1325 σί
1127 1285 1144 1338 ς

148 1353 263 1436 ἔδοξεν
283 1352 398 1419 Ἰώνων
421 1358 483 1437 (29,
507 1357 537 1428 2)
713 1353 824 1420 τέλεσι
846 1366 919 1431 τοῖς
941 1359 1005 1439 (29,
1029 1362 1061 1435 4)
1104 1285 1124 1348 η

149 1448 316 1538 ἀνέθηκεν
336 1447 543 1538 Ἡφαιστίων
568 1454 633 1530 (35)

151 474 352 544 Μακεδόσιν
375 475 411 544 ἐκ
433 481 497 556 (27)
713 478 933 559 Χαλκιδεῦσι,
947 480 1165 749 σνμμάχονςη

1180 586 1232 662 (27)

708 1545 856 1635 ἀνέθηκε
881 1547 1036 1636 Δήμητρι

707 1642 857 1732 ἀνέθηκε
879 1645 938 1712 τὸν

709 1741 857 1829 ἀνέθηκε
872 1740 1060 1812 Ἀπόλλωνι

708 1838 856 1928 ἀνέθηκε
881 1839 1006 1928 ἰσχυρῷ
1073 1867 1079 1912 t

1107 1698 1170 1776 (36)

149 1938 402 2025 [ιτ]εττοιήκασιν
424 1938 482 2003 καὶ
505 1941 581 2017 (37).

229 2037 313 2104 Usus
345 2036 441 2120 igitur
470 2060 487 2100 ν
514 2017 699 2119 paragogici
729 2036 1003 2119 frequentissimus
1032 2044 1082 2104 est
1108 2038 1143 2102 in
1169 2034 1246 2102 titulis

145 2142 257 2218 quarto
280 2136 408 2201 saeculo
431 2132 668 2215 vetustioribus,
691 2135 789 2217 paulo
804 2135 905 2200 rarior
919 2134 953 2198 in
967 2125 1207 2202 recentioribus:
1225 2138 1246 2197 at

144 2253 248 2315 neque
278 2233 313 2297 in
343 2233 410 2298 illis
437 2250 543 2313 neque
570 2231 604 2296 in
634 2232 684 2298 his
713 2233 806 2297 certis
827 2233 982 2298 'astrictus
1014 2231 1113 2299 fuisse
1145 2231 1248 2297 videtur

142 2331 276 2413 legibus.
437 2332 439 2335 ’
1248 2352 1250 2358 ’

531 2579 592 2646 ΒΕ
615 2577 882 2648 votALIBUS.

144 2759 161 2829 ,δ
186 2757 215 2818 6.
257 2752 317 2817 Du
333 2749 481 2817 LONGA
496 2749 654 2817 VOOALI
669 2751 759 2816 ᾰΑΒ
774 2749 950 2817 lONIBUS
971 2750 1020 2816 IN
1040 2776 1061 2838 η
1077 2752 1255 2818 ΜΠΤΑΤΑ.

226 2905 274 2969 Eo
288 2924 325 3001 'a
352 2904 484 2986 reliquis
505 2923 641 2986 graecae
663 2904 795 2986 linguae
818 2903 962 2969 dialectis
990 2904 1140 2972 omnibus
1165 2905 1258 2972 differt

142 3002 209 3083 Ias,
234 3001 319 3083 quod
337 3022 395 3085 pro
417 3006 574 3066 cinctura
594 3002 691 3084 longo
714 3001 860 3066 vocalem
878 3026 897 3087 η
921 3021 1041 3085 ponere
1056 3003 1150 3087 solet,
1173 3022 1258 3087 quam

142 3099 350 3166 mutationem
372 3100 470 3165 attica
493 3098 648 3165 dialectus
669 3099 834 3164 inchoavit
855 3099 999 3182 quidem,
1025 3100 1174 3167 sednon
1195 3120 1259 3186 per·

141 3197 230 3279 iecit,
261 3217 332 3262 cum
361 3221 398 3280 α,
428 3197 478 3263 cui
506 3196 628 3262 vocalis
656 3203 711 3261 aut
740 3222 758 3280 ρ
787 3197 1017 3281 praecedebat,
1046 3219 1176 3284 semper
1201 3199 1259 3266 fere

140 3295 341 3360 immutatum
363 3295 567 3377 relinqueret.

225 3393 300 3457 Non
335 3399 401 3457 tam
435 3397 620 3457 constanter
648 3411 744 3473 quam
772 3391 888 3473 reliqui
918 3394 1014 3459 Iones
1041 3394 1150 3478 legem
1177 3393 1258 3459 illan

140 3490 264 3555 ionicae
301 3488 430 3555 dialecti
466 3488 629 3572 propriam
661 3487 890 3556 Chalcidenses
928 3510 1075 3557 servasse
1106 3492 1258 3571 videntur,

142 3607 220 3669 quos
242 3587 340 3653 etiam
363 3586 526 3669 digamma
548 3592 580 3652 et
595 3587 740 3670 spiritum
762 3607 912 3670 asperum
936 3587 1054 3654 diutius
1077 3609 1175 3671 quam
1195 3588 1259 3655 reli-

141 3703 220 3765 quos
254 3684 423 3750 retinuisse
457 3683 605 3750 vidimus.
655 3685 694 3749 In
729 3684 830 3751 titulis
858 3683 943 3750 enim
970 3685 1137 3770 Euboicis,
1176 3684 1257 3752 initio

142 3781 243 3862 quinti
272 3781 392 3848 saeculi
421 3781 563 3863 scriptis,
597 3781 631 3846 in
664 3781 777 3863 quibus
800 3782 841 3847 de
863 3782 967 3848 atticis
995 3781 1122 3849 formis'
1136 3781 1257 3868 cogitari

139 3878 282 3943 nondum
303 3879 394 3960 licet,
418 3885 545 3962 praeter
569 3878 898 3962 duodecimiormus,
922 3899 1004 3961 quae
1027 3884 1053 3944 α’
1065 3881 1101 3946 in
1125 3906 1144 3968 η
1168 3877 1257 3948 muta·
