2828 4776
241 351 304 411 346
715 350 909 418 Chalkiopulos

327 526 358 598 2)
401 522 572 604 Aspiratae
600 530 726 587 veteres
754 521 982 587 transeuntia
1012 541 1103 585 suam
1135 538 1280 603 quaeque
1308 520 1361 602 spi-

241 629 365 688 rantem
391 619 513 686 lenem:
767 656 771 662 -

664 721 694 794 a)
760 721 788 781 θ
830 717 864 781 in
909 715 938 780 d.

660 814 693 888 bl
760 838 785 901 φ
829 815 863 878 in
910 836 937 878 v.

242 943 244 948 2
327 914 447 978 Horum
470 912 690 995 exemplorum
713 911 871 976 nonnulla
892 914 937 975 ita
959 913 1115 995 explicari
1137 912 1232 991 licet,
1254 917 1289 976 ut
1309 915 1364 975 sta·

242 1003 314 1077 tuas
336 1011 497 1094 aspiratae
517 1009 583 1074 iam
605 1009 749 1092 pristinis
763 1010 962 1092 temporibus
977 1010 1090 1094 spiritu
1108 1009 1237 1075 abiecto
1259 1016 1364 1074 tenues

242 1110 343 1175 iactas
371 1116 485 1192 postea
518 1108 553 1173 in
593 1106 718 1173 medias
755 1106 933 1188 emollitae,
971 1105 1112 1189 denique
1144 1107 1179 1171 in
1213 1106 1363 1189 spirantes

242 1213 381 1272 mutatas
397 1225 478 1286 esse,
501 1205 535 1269 id
551 1204 638 1288 quod
656 1204 697 1270 de
711 1204 873 1287 plerisque
888 1205 1046 1288 exemplis
1061 1205 1195 1287 linguae
1209 1204 1362 1285 antiquae,

243 1323 326 1386 quae
349 1303 388 1368 G.
409 1303 536 1368 Curtius
551 1304 654 1368 Elem.
671 1304 722 1367 ut.
737 1323 769 1384 p.
793 1305 855 1366 479
879 1321 947 1385 sqq.
964 1303 1175 1382 enumeravit,
1204 1323 1264 1385 pro
1287 1309 1361 1366 certo

241 1401 427 1468 babendum
451 1408 515 1466 est:

652 1497 698 1560 kh
764 1497 788 1560 k
852 1516 874 1579 t
938 1496 1016 1580 rb)

652 1593 696 1676 nh
765 1614 786 1676 u
851 1594 873 1658 b
939 1617 955 1655 v

652 1691 687 1755 th
767 1698 779 1754 t
835 1683 872 1754 'u
939 1691 968 1754 o.

330 1788 522 1870 Plerumque
543 1795 650 1854 autem
673 1790 867 1855 mutationes
890 1809 1089 1872 neograecae
1117 1789 1309 1871 simpliciter
1326 1789 1365 1852 ita

244 1888 349 1962 laetae
372 1905 443 1951 esse
465 1885 632 1966 videntur,
653 1892 696 1949 ut
718 1886 880 1968 aspiratae
902 1887 935 1951 in
958 1888 1061 1952 locum
1085 1887 1224 1970 primum
1246 1886 1363 1970 spirans

243 1984 341 2050 fortis
361 1982 565 2065 succederet,
598 1982 680 2047 haec
709 1990 815 2049 autem
849 1990 963 2067 postea
995 1986 1029 2047 in
1057 1984 1237 2068 spirantem
1266 1985 1362 2049 lencm

244 2082 450 2149 emolliretur.
485 2105 505 2160 χ
532 2080 659 2162 ubique,
690 2080 796 2162 quoad
819 2100 878 2167 ego
901 2080 1031 2163 quidem
1053 2081 1253 2164 investigare
1275 2079 1361 2165 potui,

245 2179 372 2246 videtur
404 2183 593 2244 conservata
627 2197 698 2243 esse
731 2199 795 2243 uno
833 2186 967 2262 excepto
1004 2179 1153 2261 exemplo
1187 2178 1313 2262 draymr‘
1338 2184 1361 2242 et

246 2276 393 2361 draynmz‘
425 2296 483 2359 pro
514 2272 655 2360 δραχμή,
694 2276 748 2341 ubi
775 2275 911 2342 fortasse
938 2297 969 2338 m
998 2295 1137 2358 sequens
1166 2275 1361 2342 emollitiouis

245 2395 341 2440 causa
363 2374 432 2439 fuit.
475 2373 588 2454 Itaque

507 2467 680 2555 Θεόφιλος
701 2489 786 2534 nunc
807 2469 937 2535 auditur
961 2468 1089 2554 Ajofilis

507 2564 682 2653 Θεοχάρης
744 2605 756 2616 -
862 2603 874 2614 -
960 2567 1112 2651 Ajoxa'rt'a

434 2719 438 2726 .
493 2663 657 2749 ,θυγάτηρ
744 2701 755 2712 -
863 2703 874 2712 -
962 2663 1112 2744 diffidere.

331 2762 463 2826 Passov.
492 2759 606 2844 Popul.
636 2761 739 2827 Oarm.
769 2762 863 2828 affert
889 2761 1009 2826 Mdrda
1037 2784 1094 2846 pro
1123 2761 1278 2843 Μάρθα,
1308 2766 1361 2828 Ae

229 2857 336 2925 ,moto
365 2858 459 2936 (urbs
488 2857 696 2936 Thessaliae)
725 2879 784 2943 pro
813 2865 870 2925 att.
902 2863 1101 2943 Θαυμακία,
1139 2858 1287 2945 djrifitoa)
1314 2880 1363 2944 pro

246 2962 354 3022 θεῖον
369 2953 547 3042 (serapim
571 2954 712 3029 deminl.

267 3078 271 3087 ·
331 3054 414 3116 clivo
444 3054 585 3119 nascitur
613 3073 654 3120 ex
683 3051 831 3140 ἀλείφω,
860 3058 958 3117 atrion
981 3074 1022 3121 ex
1050 3059 1199 3141 στρέφω.
1244 3056 1284 3122 In
1306 3055 1362 3122 dla-

245 3152 329 3218 lecto
351 3152 469 3217 locrica
496 3151 562 3216 iam
584 3159 712 3218 exstant
733 3172 792 3235 pro
814 3152 977 3218 veteribus
999 3152 1106 3219 verbis
1126 3151 1269 3218 σκάπτω
1293 3152 1362 3229 (rad.

247 3252 368 3336 σκαφ),
400 3246 525 3314 θάπτω
554 3249 755 3334 (rad-cnm),
788 3244 904 3314 κόπτω
928 3250 1014 3326 (rad.
1043 3256 1140 3336 κυφ),
1166 3247 1265 3336 daeo
1293 3250 1362 3325 (rad.

246 3342 308 3434 ἀφ)
324 3347 415 3412 solae
429 3345 551 3412 formae
565 3346 669 3419 abaco,
687 3345 784 3420 θάυο,
799 3346 897 3419 clivo,
917 3347 1016 3410 rodco
1034 3353 1087 3426 (ε
1103 3344 1267 3432 deduco),
1290 3367 1363 3433 quac

246 3462 304 3526 per
333 3443 563 3509 emollitionem
590 3443 695 3510 tenuis
721 3466 744 3528 p
772 3445 807 3510 in
825 3443 859 3525 f
878 3443 1059 3511 fricatiram
1088 3444 1214 3530 fortem,
1246 3445 1364 3526 deinde,

247 3560 318 3606 cum
342 3549 357 3601 t
376 3541 479 3606 eiecta
500 3546 594 3619 esset,
617 3541 690 3605 ino
713 3546 843 3607 tenuem
865 3541 971 3609 factae
992 3562 1064 3609 esse
1086 3540 1248 3608 videntur.

332 3637 376 3704 Ut
393 3636 513 3720 gradus
535 3637 699 3704 statuendi
721 3639 786 3704 sint
807 3639 857 3704 hi:
881 3638 1038 3719 σκάπτω,
1062 3638 1220 3726 σκάφτω,
1241 3639 1363 3728 σκάψω,

246 3733 353 3799 abaco.
396 3735 435 3800 In
458 3735 573 3802 ceteris
596 3735 742 3802 dialectis
763 3737 951 3819 neograecis
979 3737 1022 3802 ad
1054 3738 1115 3804 has
1139 3737 1261 3804 formas
1281 3739 1305 3824 j
1322 3738 1364 3802 lit·

247 3836 337 3896 terae
364 3851 462 3898 sonus
489 3833 641 3913 accessit,
682 3833 886 3917 quiquidem
919 3834 1148 3918 posterioribus
1177 3836 1364 3920 temporibus

247 3934 334 3993 ortus
356 3934 414 3993 est.
