2828 4776
145 342 206 406 344
603 343 798 415 Chalkiopulou

228 518 279 582 Ex
297 525 440 584 veterum
452 518 645 584 Graeoomm
660 518 772 602 lingua
787 519 947 603 exempla,
971 536 1056 602 quae
1070 518 1160 585 illius
1176 519 1268 586 emol-

143 615 263 681 litionis
291 616 426 698 primum
454 617 589 700 gradum
617 616 778 699 indicant,
807 618 908 684 affero
937 617 1018 682 haee
1052 617 1111 695 (of.
1144 617 1195 682 El.
1220 619 1267 684 m

143 735 174 798 p·
198 715 288 791 485).
521 836 539 874 κ
563 812 771 876 emollitur
792 811 832 876 in
854 834 890 894 y:

270 930 310 994 In
332 928 446 996 mediis
469 930 648 996 vocabulis:

228 1026 297 1092 rad.
313 1023 376 1112 ἀρκ
392 1024 581 1114 (αὐτάρκης,
597 1026 784 1114 ποδάρκης,
800 1025 930 1113 ἄρκιος)
944 1027 980 1092 in
995 1023 1123 1114 ἅρήγω,
1147 1024 1269 1116 ἀρωγή,

143 1148 285 1209 αρωγας.

227 1221 295 1288 rad.
319 1217 435 1307 ἁρπακ
455 1223 512 1288 lat.
534 1244 633 1306 rupae
653 1223 687 1288 in
710 1219 855 1309 ἁρπαγή.

226 1319 295 1385 rad.
318 1343 401 1407 κρακ
424 1322 488 1386 skt.
510 1319 623 1405 Ιαόραα
643 1321 677 1385 in
700 1317 837 1406 κραυγή.

227 1417 297 1485 red.
318 1417 372 1482 λικ
394 1419 480 1505 Myr).
524 1418 593 1484 rad.
615 1417 679 1480 mile
701 1421 764 1485 skt.
787 1417 912 1491 mitras,
936 1417 1046 1501 milret,
1070 1421 1105 1485 in
1121 1423 1276 1503 utyvvm„

228 1515 296 1581 rad.
320 1514 364 1579 lile
385 1518 447 1582 skt.
473 1517 513 1600 lie
535 1512 648 1597 ὀλίγος
671 1521 734 1589 (no.
759 1520 843 1591 553).

227 1610 374 1696 πήγνυμι
396 1621 524 1697 praeter
545 1611 669 1703 πήσσω
694 1613 857 1699 (nun-jo).
895 1609 985 1700 Σάγη
1002 1621 1133 1698 praeter
1149 1614 1263 1692 odero,

144 1734 258 1788 σακος.

269 1808 365 1873 Initio
388 1809 635 1874 vocabulorum:

228 1907 293 1972 Art.
322 1911 448 1992 κνέφας
477 1907 559 1972 aeol.
588 1903 716 1992 γνόφος
745 1907 840 1984 (Ahr.
871 1905 912 1974 de
942 1906 1016 1972 dial.
1047 1909 1125 1972 Dor.
1149 1928 1181 1992 p.
1205 1910 1261 1983 80).

141 2005 207 2070 Att.
236 2002 409 2089 κνάφαλαν
431 2002 593 2084 (nudam)
624 2006 706 2071 aeol.
728 2001 899 2089 γνόφαλαν
921 2005 1061 2090 Hesyeh.
1092 2003 1260 2087 κνάματα,

142 2099 284 2184 κάμπτω
307 2134 350 2153 ==
371 2100 543 2185 γνάμπτω.

225 2202 291 2267 Att.
315 2198 454 2284 κράστις
476 2199 706 2282 posterioribus
728 2199 924 2282 temporibus
945 2196 1096 2282 γράστις.

227 2299 290 2376 (De
304 2295 342 2381 ἐγ
357 2297 502 2380 λιμένος,
518 2295 688 2380 tytoinum
703 2297 742 2362 ef.
752 2297 895 2379 Kthner,
914 2298 1091 2364 Grammat.
1107 2299 1124 2363 I
1138 2319 1169 2380 p.
1184 2301 1259 2373 205).

183 2468 335 2534 Tenuis
365 2476 380 2528 t
405 2472 586 2531 mutatur
613 2465 653 2530 in
682 2466 717 2548 d,
748 2465 897 2534 deinde
927 2467 950 2529 d
975 2467 1015 2532 in
1045 2465 1064 2531 δ
1093 2467 1224 2533 inter·

590 2562 814 2629 dentalem:

269 2674 366 2740 Initio
388 2674 631 2739 vooabulomm:
1261 2745 1270 2760 ‚

225 2773 286 2837 Pro
314 2769 412 2851 τόξον
441 2792 526 2837 nuno
561 2772 785 2855 pronuntiatur
819 2771 1051 2838 deminutivum
1086 2771 1258 2838 δοΙεεάνὶαα

142 2871 315 2936 Passovius
337 2869 447 2953 popul.
461 2867 564 2935 Oarm.
589 2867 678 2948 (tulto
703 2876 734 2935 et
750 2868 840 2952 dofle
862 2871 1053 2953 pronomina
1069 2869 1260 2938 demonstra·

141 2967 209 3033 tiva
230 2989 287 3051 pro
310 2973 419 3045 ταῦτα,
441 2973 546 3032 ταῦτα
568 2967 656 3050 Epir.
680 2974 713 3031 et
734 2966 889 3051 Zacynth.

268 3065 307 3129 In
329 3064 443 3130 mediis
469 3064 650 3129 vocabulis:
731 3114 733 3119 .

225 3156 390 3245 ἄτρακτος
413 3160 545 3245 (stiffi)
567 3161 790 3246 pronuntiatur
811 3162 899 3228 velut
921 3160 1061 3244 αδνάχτὶ,
1097 3161 1259 3227 etsooztu

139 3258 423 3442 gglllcsosri'rgrqoanttgrro
439 3257 609 3340 ἕξωτικόν.
636 3257 782 3343 serya'ria
796 3278 855 3342 pro
870 3259 938 3324 ital.
943 3259 1082 3343 freqata
1098 3267 1132 3329 et
1146 3262 1258 3329 franoo

172 3550 199 3591 π
220 3529 356 3594 tenuis
378 3527 675 3611 pronuntiatur
697 3533 737 3592 ut
758 3530 796 3608 β,
821 3526 968 3592 deinde
990 3528 1231 3612 plerumque

570 3625 611 3689 in
634 3646 651 3686 o
674 3625 840 3691 transit:

267 3735 363 3799 Initio
386 3735 630 3800 vooabulorum:
1267 3818 1269 3825 y

224 3829 343 3908 πελιός
373 3853 458 3898 nuno
486 3831 614 3898 auditur
642 3830 757 3913 botros,
792 3835 913 3917 πυτίνη
943 3831 1061 3915 outr‘na,
1090 3835 1158 3901 inm
1179 3832 1256 3920 opud

140 3929 333 3995 Tarentinos
362 3934 498 4015 Βυτίνη.
542 3933 723 4013 περιπατῶ
758 3949 816 4013 per
843 3949 1011 4015 apocopen
1040 3934 1256 4015 pronuntiatur
