2828 4776
386 334 428 389 Dc
446 335 585 390 titadorum
602 335 751 391 ionicorum
769 334 892 392 dialecto.
1149 334 1209 397 303

70 501 381 593 Ἀνθεστηρίοισιν,
407 501 671 590 Ἠρακλείοιοιν,
695 510 829 573 Δίοισιν
852 512 920 588 (13,
944 512 1091 590 32-34),

83 604 244 690 Τιρΐοιοιι
267 607 329 682 (13,
354 607 417 682 43),
439 615 512 681 τοῖς
535 608 598 683 (21,
624 610 684 680 10).

170 699 472 786 Valdedolendum
496 709 562 783 est,
593 702 678 785 quod
706 722 772 767 non
800 702 834 766 in
863 702 977 770 eodem
998 704 1092 769 titulo
1114 703 1211 772 habe

79 817 154 863 mus
175 797 302 863 articuli
324 805 357 863 et
378 798 571 864 substantivi
593 806 648 865 aut
662 798 814 865 adiectivi
834 799 978 866 formam.
1023 799 1102 867 Oum
1125 801 1209 869 enim

79 896 116 960 in
140 895 313 962 vetustiore
335 895 427 962 titulo
450 896 529 962 Teio
552 897 667 979 plenas
688 896 962 963 substantivorum
983 897 1101 964 formas
1122 898 1210 967 inve

79 992 226 1075 niamus,
249 993 282 1058 in
304 994 482 1059 recentiore
504 993 744 1060 Halicarnassio
772 993 897 1060 articuli
919 1001 1043 1060 tantum
1065 994 1210 1079 formam,

80 1110 219 1173 eamque
248 1091 395 1172 brevem,
426 1090 603 1157 diiudicare
631 1113 697 1158 non
725 1111 909 1175 possumus,
947 1099 1051 1158 utrum
1084 1094 1210 1160 articuli

78 1195 207 1253 tantum
221 1186 324 1252 forma
345 1189 530 1255 recentioris
552 1189 637 1254 tituli
652 1194 760 1256 aetate
781 1189 887 1255 vocali
911 1215 923 1254 ι
945 1191 1072 1274 privata
1094 1190 1144 1274 sit,
1167 1211 1209 1257 an

79 1304 194 1351 omnes
222 1284 316 1350 huius
345 1285 570 1352 declinationis
597 1286 729 1353 formae.
773 1286 860 1352 Illud
887 1287 956 1353 veri
987 1294 1036 1353 est
1064 1288 1208 1371 similius,

78 1382 273 1466 praesertim
298 1401 369 1448 cum
391 1385 518 1466 plenior
539 1386 641 1449 torma
664 1382 839 1470 ἀλλήλοισι
864 1384 917 1450 vel
939 1384 973 1449 in
995 1385 1088 1450 titulo
1111 1383 1209 1471 Olyn-

78 1480 198 1561 thiaco‚
222 1487 335 1562 quarto
358 1480 485 1546 demum
508 1482 637 1548 saeculo
660 1482 788 1564 scripto,
812 1488 940 1548 servata
962 1481 1012 1547 sit.
1055 1484 1210 1549 Attamen

76 1577 201 1642 iamin
223 1577 294 1660 ipso
316 1577 377 1643 hoc
399 1579 492 1644 titulo
514 1579 672 1645 babemus
694 1575 919 1665 ἀμφοτέροις,
950 1598 1055 1663 neque
1082 1581 1117 1646 in
1142 1581 1209 1646 ullo

77 1674 146 1739 alio
169 1675 274 1757 quarti
296 1676 417 1741 saeculi
446 1676 537 1742 titulo
565 1678 698 1760 plenum
727 1676 875 1743 invenias
905 1676 1046 1743 dativum
1076 1678 1110 1743 in
1139 1700 1209 1743 οισι

78 1773 298 1838 terminatum.

168 1874 197 1934 2.
244 1868 427 1934 Graecinum
456 1870 625 1953 siccatorio
662 1869 756 1935 huius
785 1868 1010 1938 declinationis
1041 1872 1075 1936 in
1108 1872 1209 1939 titulis

80 1968 200 2034 nostris
229 1987 357 2051 semper
393 1968 428 2032 in
464 1991 502 2031 ov
536 1967 701 2032 terminari
732 1967 851 2033 idcirco
880 1974 1004 2055 tantum
1033 1975 1210 2035 memoratu

78 2065 215 2148 dignum
239 2070 297 2147 est,
321 2063 407 2147 quod
422 2063 578 2129 Herodoti
600 2063 725 2130 codices
748 2083 980 2146 nonnunquam
1002 2065 1127 2149 epicam
1149 2066 1209 2132 ior-

77 2183 167 2227 mam
197 2185 265 2241 οιο,
303 2168 400 2244 atque
428 2161 510 2227 adeo
539 2160 717 2226 inauditam
754 2169 786 2227 et
821 2181 953 2244 prorsus
985 2162 1209 2230 incredibilem

76 2260 215 2326 formam
247 2283 291 2325 εω
321 2259 484 2325 exhibent.
536 2256 623 2348 (ium⁸
645 2258 767 2324 scilicet
799 2278 877 2325 vera
905 2259 1008 2325 forma
1034 2260 1141 2327 ionica
1170 2285 1207 2326 oo

77 2357 221 2423 librariis
243 2356 313 2423 istis
335 2376 401 2421 non
423 2355 502 2422 satis
523 2355 629 2420 ionica
650 2354 829 2437 videretur,
858 2361 914 2420 aut
936 2354 1060 2423 iormas
1082 2377 1209 2442 recepe·

77 2461 171 2536 runt,
200 2473 283 2536 quac
312 2452 367 2518 diu
388 2460 465 2519 ante
487 2451 642 2519 Herodoti
663 2460 802 2519 aetatem
829 2452 994 2520 obsoletae
1017 2462 1123 2538 erant,
1154 2463 1210 2521 aut

73 2571 183 2618 novas
205 2550 374 2631 finxerunt,
399 2551 513 2632 quibus
535 2571 693 2634 nusquam
716 2557 748 2619 et
769 2570 933 2633 nunquam
949 2551 1092 2618 Graecus
1113 2555 1208 2620 bomo

78 2668 158 2714 usus
182 2654 260 2713 erat.
305 2648 385 2713 Non.
402 2649 496 2714 aliter·
517 2648 725 2714 iudicandum
747 2647 874 2714 videtur
897 2647 937 2714 de
959 2651 1118 2731 genetiuis
1140 2652 1209 2735 plu-

77 2745 159 2811 ralis
189 2745 223 2810 in
252 2749 333 2827 έων,
368 2746 422 2828 qui
451 2752 483 2811 et
510 2745 544 2811 in
572 2746 736 2813 nonnullis
767 2746 976 2812 substantivis
1005 2754 1037 2813 et
1063 2747 1209 2831 trequen-

76 2843 202 2908 tissime
229 2842 264 2907 in
291 2844 534 2927 pronominibus
563 2836 661 2922 οὗτος
690 2850 722 2910 et
752 2839 853 2920 αὐτός
882 2862 903 2908 a
931 2842 1094 2911 codicibus
1116 2865 1210 2930 prae·

77 2941 205 3006 bentur.
256 2939 439 3006 Dolendum
469 2947 533 3022 est,
564 2942 650 3022 quod
678 2940 820 3023 genetivi
842 2940 956 3005 horum
985 2944 1209 3024 pronominum

78 3058 147 3102 non
169 3038 231 3103 nisi
253 3037 286 3102 in
311 3038 415 3120 quarti
438 3038 559 3103 saeculi
580 3038 681 3103 titulis
703 3038 867 3119 leguntur,
901 3039 956 3102 ubi
986 3058 1114 3124 semper
1140 3041 1210 3106 vul·

77 3153 190 3218 garem
224 3134 348 3200 habent
369 3135 514 3200 tonnam.
557 3136 681 3200 Tamen
710 3134 763 3200 vel
791 3133 861 3199 sine
890 3154 999 3200 eorum
1027 3137 1209 3202 testimonio

78 3253 147 3297 non
171 3231 293 3310 dubito,
318 3232 394 3314 quin
418 3233 453 3296 in
475 3232 661 3297 masculinis
678 3231 806 3313 quidem
823 3236 910 3297 recte
926 3251 1011 3297 nunc
1026 3256 1091 3298 εωι
1112 3235 1210 3317 plane

78 3330 123 3395 sit
145 3330 340 3394 damnatum.

167 3431 197 3492 3.
243 3427 406 3489 Adiectz'oo
435 3426 466 3487 ιἰι
496 3429 562 3506 sog,
592 3425 731 3507 quaein
759 3425 856 3491 attica
879 3424 1017 3492 dialecto
1042 3446 1207 3511 sempera

77 3544 152 3590 cum
181 3523 417 3589 terminationis
445 3523 550 3588 vocali
578 3523 611 3587 in
639 3542 736 3587 unam
765 3522 927 3606 syllabam
964 3524 1207 3609 contrahebant,

77 3619 168 3704 apud
190 3620 287 3686 Ionas
310 3621 365 3685 diu
386 3620 537 3686 videntur
558 3620 738 3686 servavisse
760 3620 881 3685 solutas
903 3619 1038 3703 formas,
1062 3640 1133 3687 curn
1154 3623 1209 3690 vel

76 3718 114 3784 in
143 3718 371 3784 recentissimis
404 3716 518 3783 Olbiae
555 3716 655 3783 titulis
690 3716 808 3783 formas
844 3718 1021 3783 habeamus
1053 3716 1207 3802 χρύσεοι,

75 3820 248 3899 χρυσέοις,
272 3811 424 3901 ἀργυρέῳ
448 3817 523 3890 (39).

167 3917 198 3977 4.
243 3912 510 3997 Declinationem,
534 3931 628 3994 quam
652 3913 750 3994 vulgo
774 3913 898 3974 atticum
920 3929 1087 3996 vocamus,
1118 3914 1207 3981 nullo
