2828 4776
539 345 572 400 de
588 346 733 402 metathesi
747 360 854 415 graeca.
1107 363 1111 369 ’
1199 343 1259 408 123

154 522 270 604 fugerat,
293 536 535 601 nonnumquam
557 516 674 585 rectius
694 515 917 584 iudicabimus.
961 517 1015 584 Sic
1036 518 1094 585 iile
1115 519 1150 584 in
1172 518 1261 605 ipio

155 626 179 686 et
201 614 277 703 ῥέζω
306 614 415 683 verbis
443 615 512 682 iure
533 614 694 698 proiectus
716 619 765 680 est
785 614 828 680 ab
851 615 897 682 eis
918 614 1038 699 termis,
1062 635 1145 700 quae
1166 639 1186 700 y
1208 636 1262 685 ex·

155 715 253 796 hibent,
277 709 385 797 ἔργον,
409 710 494 797 ἔρξω
516 711 604 795 sim.;
626 711 684 778 sed
705 710 822 778 rachus
842 710 1064 796 iudicabimus,
1086 714 1114 780 si
1136 714 1263 782 collatis

156 818 204 896 got.
222 808 375 894 vaurkjan
403 809 513 878 theod.
535 807 621 872 ruera
642 813 702 875 eet.
723 807 790 874 illis
818 808 959 876 radicem
981 833 1062 896 sacy
1084 811 1262 879 subiectam

158 928 210 978 esse
233 915 265 974 et
297 905 381 994 ῥέζω
413 906 457 974 ad
488 905 655 991 *sspyjm
692 903 841 990 *seayjuu
875 906 980 973 redire
1012 909 1261 979 meminerimus.

158 1006 220 1074 Hine
244 1005 331 1075 enim
355 1009 492 1089 apparet
515 1029 533 1088 ρ
556 1004 703 1088 primitus
724 1022 790 1069 non
812 1002 855 1070 ad
876 1003 980 1088 ipsum
1003 1005 1154 1072 vocabuli
1176 1007 1263 1090 prin-

159 1104 251 1188 cipium
273 1120 345 1170 esse
366 1103 573 1185 namtarum
595 1100 629 1166 id
652 1099 738 1183 quod
759 1100 803 1166 ad
819 1100 1008 1168 metathesis
1022 1103 1180 1169 rationem
1195 1124 1262 1171 non

158 1200 252 1268 nullius
273 1206 322 1268 est
343 1199 511 1277 momenti,
534 1198 686 1282 quoniam
708 1196 788 1263 illud
810 1218 921 1282 genus,
944 1198 978 1264 in
1001 1219 1064 1282 quo
1086 1201 1207 1267 vocalis
1230 1206 1263 1268 et

158 1298 256 1381 liquida
283 1297 318 1362 in
346 1297 505 1381 principio
531 1296 666 1362 alicuius
694 1296 844 1363 vocabuli
872 1296 996 1380 poeitae
1017 1304 1261 1381 commutantur,
1390 1374 1394 1383 Ι

159 1403 237 1463 cecos
257 1414 332 1463 suos
351 1400 384 1462 et
406 1400 560 1477 angustos
580 1392 661 1459 fines
682 1392 804 1461 habere
824 1393 1015 1461 videbimus.

221 1492 284 1562 Sed
305 1511 348 1559 ne
375 1492 471 1576 plura
502 1490 544 1559 de
574 1489 629 1557 via
660 1509 699 1556 ac
730 1488 871 1572 ratione,
904 1512 1001 1574 quam
1033 1493 1137 1559 solam
1169 1492 1262 1559 nohis

159 1589 307 1658 ineundam
329 1608 401 1656 esse
421 1590 488 1655 iam
509 1608 602 1655 nemo
625 1588 667 1654 sit
689 1587 767 1672 quin
787 1587 908 1671 videat,
930 1623 972 1637 -—
993 1608 1079 1656 nunc
1100 1609 1157 1656 eos
1179 1608 1272 1656 com-v

102 1766 107 1775 ¹
159 1707 310 1757 memorare
338 1687 450 1772 liceat,
483 1687 537 1771 qui
564 1692 693 1770 praeter
714 1686 912 1752 Lobeckium
934 1687 1091 1771 imprimis
1113 1688 1156 1753 ad
1178 1688 1263 1754 hano

159 1805 216 1870 rem,
234 1806 328 1870 quam
350 1782 552 1850 tractandam
574 1784 806 1867 proposuimus,
829 1783 952 1865 aliquid
974 1786 1159 1852 attulerunt.

221 1885 266 1950 ho
285 1882 424 1967 primum
446 1881 623 1946 interillos
645 1881 751 1945 locum
773 1880 1029 1946 Dietriohius
1052 1880 1184 1964 obtinet,
1208 1882 1263 1964 qui

158 1977 183 2042 iu
202 1978 464 2047 commentatione
488 1979 548 2044 ‘De
574 1978 752 2043 litterarum
775 1978 808 2041 in
831 1978 942 2060 lingua
964 1977 1065 2043 latina
1087 1979 1262 2062 transposi-

158 2075 231 2144 tione’
253 2076 444 2160 (Numburgi
469 2078 563 2153 1846)
587 2074 728 2140 omnium
750 2075 890 2141 maxime
911 2075 945 2140 id
974 2082 1101 2141 seoutus
1130 2082 1195 2156 est,
1229 2082 1264 2141 ut

157 2174 253 2242 aemio
274 2175 458 2258 linguarum
473 2179 690 2258 cognatarum,
714 2191 797 2253 quae
811 2172 946 2257 singulis
960 2172 1128 2239 vocabulis
1142 2173 1264 2241 formae

157 2270 305 2352 primariae
333 2271 497 2340 subiectae
524 2275 649 2353 essent,
679 2276 846 2351 quaereret
871 2290 910 2337 ao
934 2270 1121 2339 metathesis
1144 2290 1264 2354 genera

159 2371 181 2433 et
205 2368 278 2438 ines
312 2368 530 2453 distingueret.
573 2367 646 2448 Qua
672 2367 707 2440 in
734 2386 770 2434 re
791 2368 937 2450 quamvis
958 2389 1024 2434 non
1047 2370 1156 2435 omnia
1177 2374 1264 2438 reete

159 2467 351 2551 expediverit,
383 2473 494 2535 tamm
525 2467 627 2532 multa
658 2465 780 2549 primus
814 2466 998 2532 observavit
1027 2472 1074 2549 et,
1110 2467 1263 2550 quoniam

157 2558 237 2632 latina
257 2564 458 2650 potissimum
479 2565 573 2633 nobis
587 2561 783 2631 conferenda
797 2568 880 2645 sunt,
903 2562 1000 2629 etiam
1016 2563 1057 2630 de
1072 2565 1165 2632 nobis
1180 2565 1264 2632 berse

158 2663 258 2730 nsruit.
303 2661 432 2730 Deinde
458 2660 719 2729 Ritsohelius
747 2658 781 2725 in
809 2660 912 2727 Musei
940 2661 1089 2728 Rhenani
1112 2667 1149 2728 tt.
1172 2662 1262 2729 VIII.¹

159 2759 243 2827 alx.
266 2759 316 2835 (ci.
335 2778 442 2844 opusc.
458 2760 501 2842 Π,
518 2762 579 2825 528
594 2761 675 2841 sqq.)
682 2760 704 2834 ὅ1
728 2757 888 2840 quaedam
910 2759 1097 2826 metathesis
1113 2761 1264 2843 exempla

159 2849 270 2926 tuscis-
290 2864 323 2925 et
336 2857 491 2924 Romanis
505 2856 686 2922 communia
701 2855 861 2920 tractavit.
905 2857 937 2921 Is
959 2875 1047 2934 vero,
1070 2877 1263 2940 quamquam

158 2945 183 3013 iu
205 2955 334 3039 singulis
363 2954 555 3036 quibusdam
583 2972 739 3019 summam
761 2952 831 3018 eius
852 2953 1075 3019 auctoritatem
1098 2956 1188 3036 sequi
1210 2973 1264 3022 ne·

157 3047 277 3136 quinus,
308 3050 449 3118 maxime
478 3071 516 3119 eo
546 3050 639 3118 nobis
667 3048 851 3117 laudandus
881 3057 945 3132 est,
980 3053 1055 3133 quia
1076 3059 1112 3117 ut
1133 3053 1167 3116 in
1189 3051 1263 3117 aliis

156 3144 234 3216 rebus
253 3150 299 3217 sio
320 3149 355 3217 in
375 3149 437 3214 hae
459 3166 494 3215 re
508 3151 725 3216 Romanorum
747 3153 779 3213 et
794 3146 998 3213 Doriensium
1018 3149 1170 3215 artiorem
1192 3167 1264 3215 esse

156 3248 360 3324 tumescerem
393 3245 484 3311 vidit.
529 3248 611 3311 Tum
643 3242 802 3311 laudandi
836 3250 924 3326 sunt,
961 3245 1015 3327 qui
1052 3246 1093 3312 de
1128 3245 1264 3328 singulis

154 3344 293 3428 exemplis
314 3350 450 3426 egerunt
471 3378 514 3389 -
532 3351 568 3409 ut
588 3341 868 3427 grammaticarum
890 3348 1037 3408 auctores
1059 3343 1204 3408 omittam
1222 3377 1263 3388 -

154 3426 383 3523 Messenius,
405 3461 437 3506 v.
459 3441 566 3507 Anall.
588 3441 682 3506 Alex.
706 3461 738 3523 p.
764 3441 823 3504 118
847 3445 878 3504 et
904 3442 979 3522 119,
1009 3441 1088 3507 Leo
1111 3442 1262 3524 Meyer,

151 3540 174 3589 i·
196 3531 310 3623 ‘Vergi
338 3539 481 3622 gramm?
511 3559 542 3621 p.
566 3542 617 3621 69,
641 3541 681 3601 76
705 3543 736 3601 et
757 3535 897 3600 maxime
918 3557 949 3619 p.
977 3538 1036 3601 183
1058 3556 1126 3618 sqq.
1149 3535 1263 3619 (dest

149 3665 443 3698 μ.-

157 3837 163 3849 ,
208 3774 230 3844 ³)
246 3774 304 3849 E'go
322 3777 371 3834 ubi
387 3775 565 3833 Ritsohelium
590 3791 783 3841 commemoro,
809 3790 914 3845 semper
938 3775 1133 3845 opusculorum
1154 3775 1264 3845 paginas

181 3861 208 3903 0·
235 3857 338 3916 Deinde
354 3857 401 3913 hic
417 3872 541 3912 moneam
559 3862 587 3912 et
602 3859 676 3915 huno
694 3863 721 3912 et
739 3855 917 3911 Distriohium
935 3859 963 3911 et
981 3854 1155 3922 Meinekium,
1173 3855 1264 3926 prius·

137 3927 224 3991 duim
239 3938 369 3996 Lobeokii
386 3938 540 3995 dissertatio
558 3938 587 3995 in
604 3938 693 3995 lucem
709 3936 818 4006 prodiit,
836 3936 983 4008 scripsisse.
