2828 4776
70 365 113 418 De
131 379 260 419 sonorum
278 365 473 431 affectionibus,
496 380 565 434 quae
582 364 768 435 percipiuntur
784 363 812 417 iu
830 363 893 417 dial.
911 363 1070 420 neoloorica.
1107 361 1168 422 367

45 539 207 603 vocalium
223 539 414 604 observatae
428 545 510 620 suut,
527 537 641 604 deduoi
653 538 785 621 possint,
802 539 1009 605 vetustiorum
1021 557 1170 606 sonorum

45 637 140 719 quasi
162 643 260 701 testes
281 635 394 702 haberi
415 643 663 702 consentaneum
687 643 744 702 θεῖ.
789 636 979 720 Plerumque
1001 644 1108 702 autem
1131 634 1172 699 de

48 741 172 815 aetate,
203 754 266 816 qua
292 733 454 799 floruerint
476 736 614 814 vooales,
644 741 699 799 aut
729 733 769 799 de
791 733 915 816 origine
947 755 1056 801 earum
1078 732 1173 799 dubi-

47 831 111 896 tari
133 832 253 913 nequit.
298 831 361 896 Ubi
383 853 459 898 vero
481 832 620 897 dubitari
634 837 749 916 potest,
773 850 903 914 operam
928 830 1021 914 dabo,
1044 839 1079 897 ut
1100 852 1174 915 quo·

50 928 148 994 modo
171 929 347 1011 singularia
368 950 438 995 oum
461 930 588 1012 legibus
610 928 825 1013 etymologiae
842 930 1081 1012 oomparativae
1102 949 1175 994 oon-

49 1026 186 1092 veniant
210 1026 424 1092 demonstrem
453 1035 484 1093 et
512 1048 603 1094 suum
625 1027 738 1110 ouique
767 1027 800 1091 in
829 1027 980 1091 eontinua
1003 1027 1176 1091 formarum

51 1124 136 1189 serie
165 1125 269 1188 loeum
299 1126 444 1190 tribuam.
490 1126 641 1209 Disposui
669 1131 777 1189 autem
806 1124 864 1187 illa
892 1125 952 1206 ita,
982 1132 1016 1190 ut
1044 1123 1085 1189 de
1114 1123 1177 1188 sin·

51 1222 139 1305 gulis
161 1221 248 1286 sonis
271 1223 424 1306 deinceps
445 1242 586 1303 agerem.
632 1221 830 1291 Adialeotis
852 1222 937 1287 enim
959 1228 1015 1287 aut
1036 1220 1177 1305 periodis
1247 1299 1249 1304 ,
1292 1202 1294 1211 ’

54 1321 143 1386 haud
165 1322 259 1386 facile
281 1320 436 1404 profieisoi
459 1328 618 1403 poteram,
647 1326 817 1403 propterea
846 1319 931 1400 quod
959 1320 1008 1385 oui
1040 1318 1177 1384 dialeoto

54 1427 111 1485 aut
154 1419 253 1484 aetati
294 1419 443 1502 exempla
485 1418 550 1483 sint
586 1417 778 1482 ascribenda
815 1436 1044 1499 nonnunquam
1080 1413 1177 1480 valde

56 1517 187 1582 dubium
211 1524 269 1583 θεῖ.
314 1517 427 1598 Neque
456 1523 490 1580 ut
513 1515 597 1580 hano
620 1515 840 1597 quaestionem
871 1515 1072 1610 absolverem
1099 1511 1178 1608 mihi

53 1631 216 1699 proposui.

273 1770 301 1843 1)
346 1766 471 1832 Vetus
494 1765 651 1830 voealis
674 1785 692 1826 α
715 1770 881 1830 servata
904 1771 974 1830 θεῖ.

144 1890 175 1963 α)
220 1888 258 1951 In
280 1885 442 1952 femininis
465 1883 600 1965 dorieis,
631 1902 713 1965 quae
742 1883 861 1948 exitum
884 1884 1006 1949 habent
1027 1883 1059 1946 in
1083 1901 1181 1966 apro

57 1986 156 2051 attioa
203 2036 209 2049 .

145 2010 246 2148 thus
268 2082 459 2147 vocabulum
480 2075 607 2164 τολύση
638 2076 734 2143 hodie
756 2077 978 2160 pronuntiatur
1007 2083 1041 2142 ut
1063 2077 1180 2161 toldpo,

58 2179 181 2267 βελόνη
206 2189 241 2246 σῖ
262 2180 379 2251 soldrad,
404 2173 532 2261 μαλάχη
556 2181 590 2239 ut
612 2173 742 2254 νισλόχσ,
767 2171 880 2260 σκάφη
904 2181 938 2238 ut
952 2173 1054 2256 aduisa,
1075 2167 1182 2260 Ἑλένη

60 2290 96 2346 ut
117 2281 219 2355 Leno,
245 2276 359 2364 εἰρήνη
383 2284 418 2342 ut
439 2274 519 2344 riou,
551 2269 693 2353 δάμαλις
716 2279 747 2338 et
771 2268 899 2357 ὄαμάλη
923 2279 958 2336 ut
981 2271 1103 2335 dumdlo
1124 2278 1208 2338 oet.v

147 2378 180 2452 b)
225 2377 264 2441 In
281 2375 388 2441 dorieo
403 2381 573 2458 augmento
595 2371 765 2456 temporali
786 2370 954 2435 verborum
970 2389 1088 2452 eorum,
1112 2389 1186 2452 quo·

60 2497 132 2540 rum
162 2500 181 2561 q
210 2475 244 2540 in
273 2474 410 2539 dialeoto
438 2474 536 2538 attioa
568 2477 637 2536 orta
663 2477 711 2536 est
740 2468 885 2552 epriore
907 2487 941 2529 o:
971 2472 1026 2531 att.
1056 2464 1186 2552 ἥκουσα

63 2573 162 2639 hodie
184 2568 270 2654 vulg.
294 2570 400 2642 άλνεο,
425 2567 555 2656 ἤργησα
579 2567 695 2653 άνγῖοα,
720 2562 859 2651 ἥρπασα
875 2564 1009 2649 orporea,
1035 2561 1185 2651 ἠτίμασα

63 2671 207 2742 samaro,
232 2666 383 2756 ἠγόρασα
407 2668 550 2753 ογύνσεα,
575 2662 702 2752 ἤλειψα
725 2663 825 2746 dlipso
847 2668 907 2727 oet.

151 2775 179 2844 o)
222 2768 260 2832 ln
289 2788 355 2831 aor.
389 2764 529 2831 seeundo
557 2762 650 2830 verbi
684 2760 802 2846 ἵστησι
833 2763 938 2846 στῆθι
966 2759 1190 2843 pronuntiatur

64 2868 156 2933 velut
185 2870 269 2927 sidau
298 2871 330 2930 et
357 2863 435 2947 perf.
464 2860 555 2924 stota
584 2882 604 2926 a
631 2859 699 2925 rad.
724 2881 802 2935 στα,
833 2857 872 2922 oi.
901 2858 983 2923 aeol.
1007 2857 1074 2923 dor.
1098 2854 1188 2937 ἕσσα,

69 2968 191 3044 στᾶθι,
226 2962 360 3027 Theoer.
388 2966 434 3041 15,
459 2963 499 3024 82
529 2956 723 3034 ἑστάκαντι,
753 2956 851 3038 Soph.
875 2956 924 3020 Αἰ.
948 2959 1009 3020 200
1039 2952 1190 3018 ἕστακεν.

64 3062 223 3129 Similiter
251 3059 380 3125 auditur
407 3057 561 3136 opostdsr‘s
596 3076 653 3139 pro
683 3047 877 3138 ἀποστήσῃ,
914 3056 985 3141 otte
1018 3070 1075 3131 pro
1108 3050 1190 3135 βῆσε

68 3159 180 3244 (Soph.
204 3160 278 3224 Ant.
304 3161 363 3222 120
387 3154 471 3238 ἐ’βα).
533 3187 535 3191 <

156 3255 191 3340 d)
236 3256 336 3320 Proa
366 3261 475 3319 vetere
508 3251 541 3315 in
577 3250 712 3333 σνγάῖνῗε,
746 3251 881 3331 σνγᾴεσ,
911 3243 1033 3328 oryolr'o
1056 3264 1113 3327 pro
1135 3249 1192 3307 att.

69 3351 223 3440 ἐργάτης,
246 3350 439 3437 ἐργάζομαι,
464 3348 647 3433 ἐργαλεῖον.
691 3344 797 3410 Etiam
819 3341 906 3426 apud
928 3349 1053 3407 veteres
1076 3364 1096 3404 α
1115 3339 1194 3423 pris-

68 3473 143 3518 oum
171 3450 325 3517 remansit
354 3449 387 3513 in
417 3467 496 3512 voce
515 3442 688 3530 Ἅργαδεῐς
717 3443 767 3517 (of.
792 3441 876 3507 Cart.
900 3440 949 3504 El.
973 3441 1023 3504 Εῖ.
1051 3458 1081 3520 p.
1108 3435 1193 3519 171),

69 3547 196 3615 aceedit
219 3548 300 3627 σχοΊν·
320 3576 361 3596 =
384 3544 517 3630 ἐ’γχελυς
539 3545 594 3608 Ιαῖ.
618 3542 763 3623 αορανἹΙο.

158 3649 187 3723 θ)
232 3645 294 3710 Pro
316 3651 372 3709 att.
397 3664 414 3706 ο
436 3643 470 3708 in
492 3639 700 3708 substantivis
722 3637 788 3703 his:
820 3631 1019 3706 zorlrdditoo)
1042 3634 1099 3694 att.
1117 3628 1195 3713 δορ-

73 3742 136 3820 κάς
158 3764 178 3808 a
200 3742 267 3807 rad.
291 3742 378 3816 dorio,
404 3760 523 3807 sanser.
547 3739 632 3821 durs,
657 3736 744 3801 ouius
767 3759 787 3797 α
811 3730 952 3798 servavit
973 3729 1075 3793 forma
1097 3725 1196 3810 ’έδρα-

71 3867 134 3907 κον
166 3841 216 3920 (ef.
240 3841 290 3905 El.
313 3840 364 3904 Et.
387 3859 418 3921 p.
445 3841 534 3918 120),
565 3835 695 3898 antidio
724 3852 780 3915 pro
811 3826 949 3914 ὄρνιθες
977 3826 1033 3904 (ib.
1056 3846 1087 3909 p.
1111 3826 1196 3904 325),

72 3939 209 4022 orfanos
245 3959 302 4021 pro
333 3932 483 4022 ὀρφανός
521 3932 583 4018 (ib.
613 3953 644 4015 p.
668 3934 764 4010 277),
794 3925 919 3990 οεῖσλόε
950 3945 1009 4009 pro
1043 3918 1197 4003 ὅστακος,
