2828 4776
157 359 218 420 274
667 360 770 414 Ermau

243 539 293 601 35.
337 532 464 599 Titulus
486 531 662 613 Samius,
687 530 721 597 G.
743 530 769 595 Ι.
793 530 832 596 G.
856 534 950 595 2247.

245 637 302 717 Τῷ
313 627 502 697 Ἀπόλλωνι
523 634 571 715 τῷ
592 628 746 715 ΠριηνῆῖΙ
765 623 804 710 μ’
829 623 998 715 ἀνέθηκεν
1018 623 1237 713 Ἡφαιστίων.

241 768 291 829 36.
328 766 355 829 Ε
383 763 484 829 titulis
505 759 806 844 „Pantioapaei
829 766 860 826 et
886 760 1192 844 Phanagoriae‚
1222 761 1277 826 hoe

156 869 205 928 est
216 861 411 928 Milesiorum
427 867 459 926 et
469 860 621 926 Teiorum
633 856 801 922 eolouiae“
815 857 880 922 iam
891 858 1077 926 Boeokhius
1088 859 1136 937 (O.
1150 860 1176 924 Ι.
1188 859 1225 924 G.
1237 859 1276 940 Π,

154 980 186 1042 p.
212 963 282 1036 107)
305 958 425 1040 lenita,
456 975 540 1040 quae
564 955 689 1036 insunt,
719 955 858 1038 collegit.
902 954 937 1021 G.
960 957 985 1020 Ι.
1009 956 1048 1022 G.
1072 960 1175 1023 2221:
1209 953 1277 1022 'Eat

154 1055 284 1121 Καλλία
296 1052 511 1139 Ἔυπάριανυς.
544 1052 643 1117 Tituli
659 1055 752 1133 2108,
769 1056 863 1135 2117,
879 1056 972 1135 2118,
989 1057 1084 1136 2119,
1101 1055 1157 1137 qui
1172 1075 1277 1122 omnes

154 1154 214 1219 sub
237 1153 332 1218 finem
362 1156 466 1236 quarti
487 1150 608 1220 saeculi
636 1150 744 1232 sonipti
767 1157 851 1227 sunt,
873 1150 955 1217 haee
977 1150 1133 1218 exhibent
1154 1153 1277 1220 ionismi

153 1251 304 1333 vestigia:
328 1250 403 1336 ἱερῆ
417 1272 476 1336 pro
493 1252 611 1337 ἱέρεια,
633 1252 829 1337 Δημητρίης
841 1252 966 1332 (2108),
988 1247 1132 1332 Πόσυος,
1152 1249 1276 1316 Θευδο-

154 1353 230 1436 σίης
246 1351 365 1433 (2117),
384 1345 639 1432 Ἱππασθένευς,
661 1343 911 1431 Παιρισάδευς,
938 1345 1130 1434 Θευδοσίας
1155 1353 1275 1434 (2118),

156 1445 346 1532 Θευδοσίας
368 1450 487 1524 (2119).

238 1580 289 1642 37.
319 1577 446 1644 Titulus
468 1578 652 1644 Iasensis
674 1577 720 1652 (O.
736 1578 764 1641 Ι.
780 1576 820 1642 G.
844 1579 950 1658 2672),
973 1576 1155 1643 Alexandri
1170 1578 1276 1661 Magni

152 1674 349 1758 temporibus
381 1676 535 1759 seriptus,
568 1675 648 1742 duas
676 1682 801 1741 tantum
828 1674 946 1740 formas
976 1675 1099 1741 ionioas
1131 1676 1273 1743 retinuit:

151 1777 284 1858 μικρῆς,
307 1771 503 1860 προεδρίην.

237 1906 287 1968 38.
325 1904 432 1970 Unum
454 1911 578 1970 tantum
594 1904 681 1970 ladis
703 1905 873 1987 vestigium
895 1904 930 1968 iu
952 1903 1078 1969 duabus
1100 1905 1274 1988 inscriptio-

150 2002 245 2066 nibus
268 1999 380 2067 Ohiis
402 2001 531 2067 obvium
555 2008 618 2069 est:

169 2196 188 2259 λ
235 2097 269 2164 G.
293 2099 318 2163 I.
342 2100 380 2165 G.
405 2095 756 2184 22251Ὰγαθυκλεῦς.
794 2104 886 2165 2214.
907 2098 1147 2185 Ἀγαθοκλεῦς,
1173 2107 1273 2182 Τιμο-

149 2220 167 2260 κ
190 2221 254 2273 ευς.

235 2330 285 2392 30.
324 2329 374 2393 Ex
396 2326 559 2411 Olbiae,
589 2329 737 2396 ooloniae
763 2349 784 2394 a
811 2328 944 2393 Milesiis
974 2326 1147 2419 deductae,
1177 2331 1272 2396 titulis

149 2424 323 2489 admodum
357 2426 801 2494 1·eeentibusBoeokhiusiu
824 2424 858 2491 O.
881 2425 907 2490 l.
930 2425 968 2491 G.
993 2426 1048 2506 (ΙΙ,
1071 2448 1103 2510 p.
1123 2432 1195 2502 107)
1217 2428 1271 2494 has

149 2521 283 2586 ooutulit
304 2521 423 2588 formas
444 2523 583 2590 ionioas:

126 2610 131 2618 ¹
222 2614 391 2698 Ἀχιλλέας
414 2623 537 2706 (2076),
563 2618 725 2698 Ὺπάνεας
747 2621 870 2701 (2077),
894 2617 1026 2696 Πόσιος
1049 2623 1176 2705 (2058),
1197 2620 1271 2707 χρύ-

149 2736 227 2781 σεον
250 2717 361 2792 (2067,
385 2719 621 2797 2070-2074)
651 2719 768 2803 partim
796 2738 853 2801 pro
879 2722 1041 2802 χρυσοῦν,
1072 2719 1190 2802 partim
1218 2740 1270 2804 pro

145 2818 292 2898 χρυσῆν,·
304 2819 462 2894 χρυσέαις
474 2819 593 2894 (2059).
607 2852 647 2862 -
660 2811 822 2901 ἀργυρέῳ,
834 2814 932 2896 idque
942 2835 1000 2898 pro
1013 2812 1144 2904 ἀργυρᾷ
1157 2821 1269 2898 (2074).

86 2910 88 2914 ’
150 2906 378 2997 Θρασύλληυς,
394 2913 569 2997 Πυσιὸήυυ
586 2917 693 2995 (2073,
706 2917 812 2993 2081),
829 2932 912 2996 quae
927 2913 1093 2981 Boeokhio
1108 2935 1151 2981 ex
1166 2916 1269 2982 ionicis

150 3005 393 3095 Θρασυλλήϊυς,
416 3010 608 3098 Πασιδηΐυυ
632 3011 782 3077 videntur
803 3018 881 3076 nata
903 3030 985 3077 esse.

231 3143 281 3205 40.
312 3138 476 3209 Habemus
491 3142 630 3226 denique
651 3143 684 3206 in
706 3142 808 3207 titulis
831 3141 1022 3225 quibusdam
1037 3142 1268 3229 Smyrnaeis

144 3237 372 3304 reoentissimis
394 3243 506 3322 (3223,
531 3244 630 3324 3228,
655 3243 754 3321 3241,
778 3242 872 3316 3238,
900 3242 995 3316 3256)
1018 3241 1139 3308 formas
1161 3244 1266 3309 hasoo:

139 3332 333 3420 Ἀρτεμοῦν,
356 3338 510 3422 Δημαῦν,
533 3343 713 3424 Μητρυῦν,
747 3337 899 3424 Σωκλῆν,
930 3340 1127 3426 Μενεκλῆν,
1158 3344 1265 3427 Δημο-

145 3433 236 3519 κλῆν.

229 3528 424 3597 Monendum
453 3536 517 3613 111,
546 3533 691 3597 eonsulto
720 3552 771 3598 me
800 3532 945 3598 omisisse
972 3534 1083 3601 titulos
1112 3537 1262 3611 metricos,

145 3647 216 3693 oum
239 3627 280 3694 de
307 3627 420 3711 lingua
449 3628 578 3712 poetica
605 3630 639 3693 in
668 3630 769 3695 titulis
792 3629 889 3695 obvia
909 3651 976 3694 non
1004 3632 1101 3698 aliter
1128 3634 1261 3700 iudioan-

144 3724 218 3789 dum
241 3744 311 3792 esse
333 3725 473 3811 oredam,
497 3747 592 3810 quam
616 3726 656 3793 de
678 3727 790 3809 lingua
811 3731 939 3815 poetioa
960 3732 994 3798 iu
1017 3729 1209 3798 universum.
