2828 4776
145 354 206 414 276
655 356 759 409 Erman

143 528 356 610 Verbindung
382 528 455 592 eine
477 527 599 592 Tenuis
622 532 701 592 statt
722 526 780 592 der
801 527 953 609 Aspirata
975 527 1154 607 enscheint,
1180 528 1252 593 ilber-

143 626 244 709 haupt
271 625 350 690 hein
381 624 511 707 spiritus
543 643 639 708 asper
670 625 931 708 ausgesprochen
959 624 1095 690 worden
1123 624 1200 690 sei.“
1223 661 1254 670 —

143 723 296 804 „Treffen
317 721 375 786 wir
396 722 431 786 in
454 722 543 787 einer
567 722 734 788 ionisohen
756 721 924 804 Insohrift,
953 721 1033 788 oder
1061 723 1096 786 in
1125 722 1209 788 einer
1226 743 1255 786 zu

144 819 315 887 derselben
330 820 400 885 Zeit
415 819 476 885 wie
493 817 581 885 diese
595 818 802 902 abgefassten
817 819 884 883 und
898 819 933 884 in
948 819 1122 886 derselben
1138 818 1256 903 (legend

143 918 234 994 (oder
262 919 296 993 in
326 915 482 982 Colonien
511 916 628 992 dieser)
661 915 867 1000 gesundeneu
902 917 954 982 ein
985 923 1077 982 sonst
1109 917 1258 1001 aspirirtes

142 1015 243 1097 Wort,
261 1013 447 1081 entbunden
464 1013 521 1080 der
532 1014 693 1098 Wirhung
707 1013 764 1079 auf
777 1014 849 1080 eine
859 1013 1128 1096 vorhergehende
1143 1016 1257 1096 Tenuis,

143 1113 189 1179 sei
221 1133 256 1179 es
283 1113 316 1176 in
346 1111 404 1177 der
424 1113 752 1194 Zusammensetzung
780 1110 859 1177 oder
880 1113 1060 1194 Trennung
1087 1133 1149 1194 an,
1177 1134 1210 1180 so
1227 1113 1259 1178 ist

143 1211 225 1276 auch
250 1208 308 1275 das
329 1209 547 1276 freistehende
561 1210 653 1275 Wort
675 1209 734 1274 mit
755 1209 829 1275 dem
845 1209 974 1292 spiritus
997 1209 1083 1276 lenis
1097 1231 1138 1275 zu
1152 1211 1257 1278 lesen.“

227 1308 352 1373 Tamen
381 1308 404 1372 ii
434 1307 487 1390 qui
509 1313 582 1392 post
604 1306 748 1374 Giesium
771 1307 813 1373 de
833 1306 1011 1373 recentiore
1031 1306 1115 1373 Iade
1144 1308 1260 1392 scripse

142 1412 217 1471 runt
245 1411 300 1470 aut
329 1404 398 1471 eius
426 1405 578 1487 reliquias
608 1404 792 1485 ediderunt,
826 1424 1017 1487 quamquam
1048 1424 1158 1487 neque
1188 1405 1259 1470 illius

144 1502 328 1586 opinionem
343 1502 539 1583 refellerunt,
563 1521 667 1585 neque
682 1502 778 1567 aliter
791 1501 881 1567 illam
896 1502 1027 1569 dialecti
1041 1503 1259 1586 proprietatem

144 1601 396 1683 explicaverunt,
420 1619 531 1665 omnes
544 1599 624 1683 ipsis
639 1599 816 1680 vocalibus,
839 1605 915 1664 ante
930 1619 1009 1681 quas
1030 1606 1164 1666 tenuem
1179 1601 1260 1666 habe

143 1717 214 1762 mus
235 1697 403 1779 integram,
427 1696 572 1780 spiritum
586 1699 736 1780 asperum
751 1701 918 1781 apponunt
925 1700 964 1771 *).
999 1697 1052 1763 Ne
1067 1717 1130 1781 ego
1146 1699 1261 1782 quiden

141 1814 162 1859 a
190 1794 309 1859 tradita
337 1795 494 1875 scriptura
522 1793 689 1860 discedere
711 1814 808 1860 ausus
830 1813 916 1875 sum,
945 1814 1016 1859 eum
1054 1798 1261 1878 quaestionem

141 1889 311 1956 diiudicari
325 1913 392 1957 non
406 1912 502 1975 posse
515 1891 749 1976 intellegerem,
764 1892 827 1958 nisi
842 1891 952 1957 accitis
968 1894 1118 1960 omnibus
1130 1893 1260 1958 codicum

143 1996 175 2055 et
189 1988 469 2071 grammaticorum
488 1989 681 2055 testimoniis
703 1995 735 2055 et
750 1989 944 2073 comparatis
962 1989 1095 2072 reliquis
1119 1991 1259 2056 dialectis.

229 2087 268 2151 In
292 2085 518 2153 enumerandis
539 2087 636 2170 igitur
657 2089 696 2153 iis
718 2106 770 2152 me
792 2087 980 2168 continebo,
1010 2107 1095 2169 quae
1119 2089 1154 2152 iu
1175 2088 1259 2153 titulis

142 2185 249 2266 obvia,
273 2183 316 2249 ad
337 2184 422 2250 hanc
443 2185 607 2269 pertinent
628 2185 857 2267 quaestionem.

229 2282 438 2348 Notissimum
469 2290 518 2349 est
541 2282 672 2348 Graecis
700 2283 741 2347 ab
770 2282 861 2347 initio
883 2303 950 2347 non
978 2282 1119 2349 defuisse
1149 2285 1258 2367 siguum

142 2381 272 2464 spiritus
295 2382 401 2464 asperi
424 2380 474 2463 (H,
499 2379 548 2461 Η),
580 2379 642 2444 hoc
669 2386 776 2446 autem
799 2379 887 2465 apud
906 2380 1005 2447 Ionas
1025 2380 1059 2445 in
1081 2381 1163 2446 Asia
1183 2378 1258 2445 habi-

141 2483 248 2543 tantes
263 2477 327 2542 iam
345 2479 480 2562 septimo
495 2498 525 2542 a.
534 2476 606 2542 Ohr.
616 2478 744 2543 saeculo
761 2478 859 2542 aliam
874 2478 939 2542 vim
958 2477 1084 2560 accepit
1099 2478 1152 2555 (cl.
1161 2476 1257 2542 thh-

141 2574 218 2656 hoff,
241 2575 264 2639 l.
287 2575 309 2639 l.
329 2596 360 2658 p.
379 2578 462 2657 131),
487 2594 557 2640 cum
579 2574 657 2641 inde
680 2594 721 2640 ex
744 2594 782 2641 eo
804 2581 948 2659 tempore
970 2575 1013 2640 ad
1036 2574 1257 2658 designandam

141 2671 274 2754 longam
303 2672 449 2738 vocalem
481 2671 734 2738 eadhiberetur.
779 2671 870 2750 Quae
897 2673 1047 2755 mutatio,
1076 2673 1120 2738 ab
1143 2672 1258 2737 Ionibus

142 2768 292 2834 Asiaticis
321 2767 489 2850 inchoata,
524 2768 579 2834 diu
606 2769 735 2834 illorum
762 2770 893 2854 propria
921 2770 1058 2852 mansit,
1092 2789 1199 2852 neque
1226 2766 1275 2856 ad

142 2865 283 2947 reliquos
299 2866 439 2933 Graecos
461 2866 588 2949 perlata
610 2871 668 2932 est.
712 2867 763 2931 Ita
781 2886 823 2932 ne
844 2867 879 2931 in
894 2868 1010 2933 nostris
1026 2866 1159 2949 quidem
1173 2865 1258 2932 titrdis

143 2962 270 3045 desunt,
294 2965 348 3046 qui
369 2964 543 3046 genuinam
566 2964 717 3030 elementi
732 2968 772 3027 H
783 2963 1048 3046 significationem
1064 2965 1258 3032 retinuerunt

142 3061 242 3126 Tituli
265 3061 351 3127 enim
373 3062 570 3127 coloniarum
594 3060 854 3126 Chalcidensium
877 3081 988 3128 omnes
1012 3062 1162 3145 spiritum
1183 3079 1259 3145 aspe-

142 3179 211 3223 rum
234 3158 414 3242 designant.
452 3160 612 3243 Exempla
633 3159 789 3224 habemus
814 3159 911 3225 haec:
949 3155 987 3236 ὅς
1010 3163 1064 3237 (1),
1084 3156 1258 3243 lancheim,

139 3252 324 3338 Ἱπ[π]αῖος,
348 3255 492 3339 ἵπ[π]ος,’
508 3253 675 3342 Ἡρακλῆς
698 3261 752 3333 (3).
789 3257 959 3323 Praeterea
980 3257 1112 3339 spiritus
1133 3258 1169 3322 in
1190 3253 1258 3322 tituli

142 3352 268 3436 Siphnii
293 3355 357 3430 (17)
380 3353 481 3419 forma
505 3352 595 3436 ἱερόν
618 3355 805 3437 designatus
828 3360 885 3420 est.

212 3624 237 3686 *)
255 3622 334 3676 Solus
353 3610 527 3691 excipiendus
546 3628 587 3676 est
604 3622 763 3677 Theodorus
781 3623 879 3691 Bergk,
898 3622 944 3690 qui
962 3621 1078 3690 exempli
1094 3622 1183 3690 gratia
1198 3616 1258 3689 apud

51 3690 52 3693 ¹
142 3701 341 3772 Hipponactem
364 3703 407 3765 (fr.
427 3707 468 3757 12.
490 3703 566 3757 Poet.
584 3703 649 3772 Lyr.
668 3709 692 3757 3.
709 3703 744 3756 II.
767 3719 793 3772 p.
814 3709 873 3768 161)
895 3702 1019 3771 genetivo
1042 3698 1187 3772 ἁρμάτων,
1209 3714 1258 3754 cum

142 3782 231 3837 tenuis
249 3782 457 3851 praepositionis
476 3780 521 3834 ἐπί
537 3782 642 3850 integra
659 3784 813 3854 praecedat,
832 3782 956 3851 spiritum
970 3783 1058 3836 lenem
1069 3782 1189 3851 apponit.
1214 3779 1257 3834 Cur

59 3864 60 3867 ’
143 3867 234 3916 autem
253 3862 317 3916 alibi
335 3860 379 3914 ἐπ’
401 3860 503 3932 ἡμέρην
521 3865 710 3927 (Archilochus
729 3869 781 3930 10),
800 3862 845 3917 ἐπ’
867 3863 932 3930 ἥβης
951 3862 1064 3929 (Archil.
1086 3869 1144 3926 115)
1162 3863 1255 3923 scribat,

143 3956 237 3997 eruere
254 3959 308 3997 non
324 3958 445 4011 possum.
