2828 4776
456 365 497 420 De
515 365 658 420 titulorum
675 364 823 420 ionicorum
841 363 965 421 dialecto.
1209 363 1269 425 273

148 538 278 622 φίξειν,
308 535 504 624 πράςθητα,
534 538 768 621 βασιλέοντος,
799 535 1007 624 ίξημίωσαν,
1033 536 1270 624 έπιιμηφίξειν,

145 631 383 715 Μαοσσοίίωο,
406 632 677 719 Λαμβραάηόου,
701 632 933 719 ἐίεγκθέντος,
956 642 1183 721 τετρωκοστηῖ,
1207 637 1275 720 qui-

145 730 206 796 bus
230 729 271 796 de
290 731 401 798 formis
423 733 475 797 hio
496 752 561 797 non
582 733 670 798 loeus
684 738 733 799 est
755 733 883 818 longius
900 733 1068 800 disserere.
1095 735 1270 816 Boeokhio,

144 828 201 910 qui
229 828 297 895 iere
319 849 429 896 omnes
456 830 490 895 iu
512 831 662 915 vulgares
690 837 807 914 mutat,
835 838 921 899 certe
942 830 1184 899 assentiendum
1206 853 1272 899 non

146 925 433 1010 wffifflffi

233 1023 339 1089 uolua
360 1042 432 1090 esse
453 1024 617 1090 videntur:
655 1028 818 1110 [πρ]ἇξαι,
841 1025 996 1111 πράξιος,
1019 1039 1091 1105 τοῖς
1114 1026 1163 1106 (i),
1185 1051 1272 1112 προ-

142 1119 270 1205 γόνοις,
293 1126 503 1205 πριαμένοις,
526 1119 670 1206 πόλεως,
694 1120 906 1208 Πελάρμοος,
930 1121 1012 1190 άντι.

234 1217 345 1285 Certos
368 1217 507 1301 denique
528 1221 682 1288 ionismos
704 1222 805 1290 habes
828 1223 904 1289 hos:

232 1321 432 1402 τριηκοστῷ,
447 1313 693 1404 Ἀρταξέρξεος,
716 1317 904 1408 ἐκκλησίης,
929 1323 1054 1406 κυρίης,
1078 1317 1124 1401 ές,
1144 1315 1272 1405 οὐσίης,

146 1411 310 1499 δημοσίῃ,
344 1410 490 1477 Πακτάιο
526 1418 705 1499 (Πακτίω),
736 1421 883 1504 θυσίης,
913 1415 1101 1503 ἐνιαυσίης,
1139 1413 1271 1502 ἐούσης,

145 1507 341 1594 εὐεργέτεω,
365 1509 519 1593 πράξιος.

234 1610 284 1671 29.
329 1607 454 1674 Titulus
481 1610 748 1695 Mycalensis,
779 1609 813 1676 O.
843 1611 868 1676 l.
892 1611 930 1677 G.
955 1614 1055 1692 2909,
1086 1613 1120 1677 in
1150 1631 1211 1694 qno
1240 1620 1273 1678 et
1371 1592 1381 1600 ⁶

143 1706 310 1772 breviores
334 1705 460 1773 dativus
482 1708 616 1790 pluralis
639 1708 784 1792 stirpium
812 1709 845 1773 in
870 1732 886 1773 ο
910 1709 1094 1775 exeuntium
1116 1710 1272 1777 habemus

142 1803 178 1866 in
203 1827 266 1883 οις,
291 1809 322 1870 et
344 1804 474 1869 atticam
496 1806 742 1889 praepositionis
765 1805 900 1871 formam
924 1804 982 1883 εἰς.
1020 1808 1154 1873 Ionismi
1168 1828 1274 1874 ooonr-

143 1907 219 1966 runt
255 1900 305 1965 hi:
354 1900 536 1988 ἱερατείης,
567 1898 712 1988 Ἥίρ]ης,
750 1901 919 1987 κατάπερ,
958 1904 1137 1991 [βίοοίηίόυ
1176 1904 1272 1989 (quod

144 1998 345 2080 Boeolrhius‚
380 1999 488 2065 neseio
519 2019 614 2082 quam
643 2000 683 2064 ob
712 2020 857 2082 oausam,
887 2001 922 2065 in
950 2002 1085 2085 vulgare
1112 2003 1271 2085 βοολαίοο

145 2100 273 2173 mutat).
1012 2108 1017 2112 ’

232 2194 372 2259 Dubium
395 2193 498 2259 videri
519 2200 641 2277 potest,
671 2215 747 2259 num
776 2200 862 2261 reete
890 2193 993 2259 forma
1018 2202 1273 2279 προτανέιοντος

143 2312 164 2356 a
194 2291 360 2358 Boeokhio
382 2291 416 2357 in
442 2291 576 2373 vulgare
598 2288 864 2377 πρυτανεύοντος
887 2293 928 2358 sit
949 2298 1121 2374 mutatum,
1145 2315 1216 2361 oum
1237 2296 1272 2360 in

144 2390 248 2456 titulis
270 2389 508 2475 Mylasensibus
531 2389 580 2455 bis
603 2391 748 2472 legamus
770 2389 999 2472 βασιλίοντος.

234 2491 283 2553 30.
321 2488 448 2554 Titulus
477 2488 732 2572 Erythraeus
755 2507 775 2551 a
797 2486 962 2553 Boeokhio
985 2485 1090 2554 editus
1119 2487 1164 2564 (in
1187 2488 1272 2570 „Ab-

143 2583 355 2667 handlungen
379 2585 436 2650 der
456 2585 497 2650 K.
520 2585 702 2651 Akademie
724 2585 782 2650 der
795 2583 1070 2651 Wissensohatten
1092 2606 1131 2649 uu
1152 2586 1272 2668 Berlin,

145 2685 230 2747 1853
253 2674 285 2766 p.
304 2682 407 2759 150“).
437 2684 531 2748 Anno
555 2682 679 2748 oiroiter
695 2686 756 2748 340
778 2703 807 2747 a.
824 2680 897 2747 Chr.
921 2682 1056 2766 scriptus
1079 2690 1137 2749 est.
1174 2683 1272 2749 Pauoi

142 2785 282 2850 tantum,
302 2780 421 2846 servati
447 2787 522 2846 sunt
548 2780 692 2846 ionismi:
736 2782 977 2866 [πρ]ηθέντοιν,
1008 2777 1202 2866 τριήκοντα,
1227 2778 1272 2862 ἐς,

132 2874 333 2964 Ἀθηναίης.
357 2913 398 2923 -
425 2878 532 2944 Attea
558 2878 756 2961 irrepserunt
783 2878 878 2943 haee:
916 2872 1075 2964 ἡμέραις,
1105 2881 1198 2957 [τ]οῑς
1220 2876 1273 2962 (ί),

144 2974 307 3058 ἑταίροις,
333 2973 448 3057 ἱεροῖς,
473 2975 647 3055 τελείοι[ς],
669 2968 793 3059 Ἑρμίᾳ,
818 2972 886 3056 ἐάν,
907 2969 1070 3058 Ἡρηιίου.

234 3074 283 3136 31.
328 3072 451 3136 Parvus
478 3072 590 3138 titulus
613 3072 832 3155 Ephesius,
862 3069 896 3135 O.
919 3072 945 3159 I.
969 3070 1007 3137 G.
1032 3074 1115 3138 2984
1145 3078 1176 3138 et
1202 3072 1272 3155 ipse

141 3168 254 3234 medio
277 3169 404 3234 saeoulo
428 3175 539 3251 quarto
562 3169 714 3252 scriptus:

142 3264 306 3352 Εὔθηνος
328 3262 533 3342 Εὐπείθεος.
566 3264 645 3342 Υἱὸς
667 3265 885 3349 Πατροκλέας
904 3263 1074 3341 Δαίδαλος
1097 3262 1273 3348 ἐργάσατο.

233 3367 283 3428 32.
328 3362 535 3447 Epitaphium
559 3362 813 3448 Gyzioenum,
839 3359 873 3426 C.
896 3363 921 3427 Ι.
945 3361 983 3428 G.
1007 3365 1107 3427 3682:

530 3462 641 3546 Φαίηξ
658 3456 867 3544 ’ί[σ]αγάρεω.
1228 3466 1232 3471 ’

234 3563 284 3624 33.
328 3559 367 3624 In
389 3559 481 3623 titulo
502 3559 601 3639 Teio
624 3556 671 3636 (O.
696 3559 721 3623 Ι.
745 3558 783 3624 G.
804 3561 898 3633 3064)
920 3557 1001 3622 haee
1021 3556 1132 3621 insunt
1152 3557 1272 3622 ionioa:

140 3653 408 3744 [Ὀρθ]αγ[ά]ρης,
420 3661 569 3735 Ποίκειο,
584 3653 801 3737 Χαλκίὸειος,
818 3653 1019 3742 Σκηβηίάης,
1032 3650 1273 3739 Μεμαμήάεος.

233 3758 283 3819 34.
300 3752 333 3819 O.
346 3755 372 3818 Ι.
386 3754 424 3821 G.
442 3757 540 3818 2246:
555 3754 666 3819 titulus
682 3753 786 3818 Sami
796 3773 838 3819 us
854 3753 992 3819 emedio
1008 3752 1136 3818 saeoulo
1149 3759 1271 3834 quarto,

139 3871 230 3936 „qno
259 3858 401 3936 tempore
423 3852 637 3918 Athenienses
666 3852 830 3917 oleruohos
856 3850 890 3914 in
919 3850 1016 3917 Samo
1045 3849 1273 3915 oollooarunt.“

281 3945 382 4032 Ὅρος
404 3954 561 4030 τεμένεος
582 3946 734 4035 Ἀθηνᾶς
747 3945 903 4034 Ἀθηνῶν
926 3945 1124 4034 μεδεοάσης.
