2828 4776
483 333 516 388 de
533 333 678 396 metathesi
694 348 799 403 graeca
882 406 884 409 ι
1140 327 1197 392 151

57 506 182 589 indog.
205 514 278 589 trop
301 510 446 587 revocat3
469 524 539 571 cum
562 503 618 571 lat.
642 515 791 590 torquere
811 524 857 588 gr.
877 504 1069 592 ταράσσειν,
1091 505 1199 572 theod.

58 602 210 687 drdhjoa
232 609 292 669 oct.
315 601 449 680 (arad.
472 622 581 686 europ.
598 601 681 677 turb)
705 604 876 686 componit.
920 604 986 670 Sed
1009 603 1108 670 Onrtii
1130 623 1200 670 sen·
1240 666 1244 675 .

58 702 175 768 tentia
195 700 334 786 primum
356 718 394 766 oo
416 699 665 783 commendatur,
689 700 774 782 qnod
796 700 884 785 apud
903 702 1044 769 Graecos
1059 725 1078 765 κ
1094 720 1200 767 serva-

58 801 167 865 batur
187 799 221 865 in
244 793 418 882 ἄτρακτος,
441 793 601 884 ἀτρεκής,
624 820 645 864 a
667 798 781 881 quibua
802 802 939 882 τρέπειν
962 798 1124 882 segregari
1137 816 1201 864 nc·

59 898 150 979 quit.
193 894 322 972 Deinde
350 914 443 976 vero,
478 889 512 961 ut
539 894 804 978 significationem
821 896 1034 979 -omittam⁴⁶),
1064 896 1200 961 alterum

59 995 211 1078 aceedit,
243 1013 306 1077 quo
328 997 464 1075 τρέπειν
487 992 590 1075 magis
612 992 654 1058 ad
677 994 732 1058 lat.
756 1003 887 1079 torqueo
910 993 1070 1078 portinere
1091 992 1200 1059 videa·
1239 1022 1241 1028 ·

59 1099 137 1176 tur,
171 1092 257 1175 qnod
286 1091 383 1158 etiam
412 1090 480 1156 eius
506 1089 685 1166 litterarum
712 1090 948 1173 collocationis,
982 1112 1046 1174 qua
1066 1091 1200 1157 'vocalis

59 1189 215 1271 liquidae
246 1186 475 1272 praecedebat,
507 1186 596 1269 apud
625 1187 712 1270 ipsos
738 1187 880 1255 Graecos
908 1190 1045 1272 vestigia
1072 1195 1201 1254 servata

58 1304 145 1353 csse
176 1287 331 1354 videmus.
375 1285 456 1350 Dico
487 1282 605 1350 formas
635 1286 677 1350 ab
704 1285 865 1371 Hesychia
898 1286 1034 1353 traditas
1067 1283 1200 1370 τερπώ-

57 1388 182 1463 μεθα·
212 1381 438 1468 τρεπώμεθα,
460 1379 664 1465 τετάρπετο·
688 1381 850 1466 ἐτρέπετο
881 1385 973 1462 (hacc
1001 1384 1200 1451 hobeckium

56 1478 174 1564 fugit),
196 1501 276 1563 quas
298 1481 387 1546 nullo
409 1477 504 1545 modo
526 1478 573 1545 sic
591 1480 749 1563 explicari
772 1502 884 1564 posse,
908 1483 999 1564 quasi
1021 1481 1089 1548 lieri
1110 1488 1200 1565 potu·

20 1588 21 1593 ’
58 1577 130 1643 erit
142 1627 150 1661 ,
183 1587 217 1644 ut
239 1578 365 1660 ‘aliquis
387 1592 451 1661 'pro
479 1579 593 1660 cedreno
621 1577 762 1644 traiectis
790 1581 904 1646 litteris
932 1584 1047 1662 τέρπω
1072 1579 1199 1645 dicerct’

58 1673 164 1750 (bob,
186 1677 298 1744 Rham.
321 1697 353 1760 p.
369 1678 433 1755 38),
456 1693 514 1757 por
535 1693 570 1739 sc
592 1681 735 1758 apparet.
780 1677 839 1742 Est
860 1676 947 1743 enirn
968 1677 1078 1759 procul
1101 1675 1199 1743 dubio

39 1773 261 1840 admondum
296 1773 331 1839 in
367 1772 476 1854 aliqua
512 1771 650 1837 dialecto
673 1807 714 1818 -·-
738 1773 860 1839 scilicet
890 1792 954 1854 qua
984 1774 1028 1853 is,
1064 1793 1104 1839 ex
1137 1793 1200 1857 quo

59 1867 199 1950 glossae
220 1873 298 1938 illae
320 1871 455 1937 haustae
487 1876 576 1950 sunt,
611 1871 759 1936 utebatur
780 1906 820 1914 —
844 1889 901 1936 cas
929 1870 1048 1937 formas
1076 1871 1110 1936 in
1135 1872 1200 1937 lo·

61 1984 115 2046 qu
125 1969 232 2036 endo
254 1969 419 2035 adhibitas
441 1974 474 2033 ct
488 1967 623 2033 usitatas
638 1966 753 2052 inissc;
769 1987 845 2032 nam
859 1967 954 2033 aliter
967 1969 1075 2034 nullus
1089 1974 1200 2034 auctor

63 2078 126 2129 aas
151 2068 183 2132 in
205 2066 374 2134 scribendo
390 2065 545 2132 adhibere
564 2064 676 2146 potnit.
721 2064 789 2128 Iam
812 2083 888 2129 vero
911 2065 939 2129 si
961 2071 1074 2148 τρέπω
1097 2065 1200 2132 forma

65 2159 263 2250 primigenia
291 2164 419 2240 fuisset,
448 2161 475 2228 si
497 2160 628 2226 Fickius
657 2167 743 2226 recte
770 2181 830 2227 scr.
854 2171 926 2246 trop
949 2168 1009 2228 etc.
1032 2163 1199 2246 conferret,

32 2303 34 2310 ·
67 2274 180 2329 nonne
211 2263 325 2328 mirum
361 2267 449 2327 essct
480 2258 620 2324 Graecos
654 2257 760 2339 aliquo
797 2265 941 2343 tempore
976 2265 1092 2345 τρέπε
1128 2280 1199 2326 cum
1241 2331 1243 2336 ,

71 2357 201 2440 adorco,
231 2360 319 2426 ouius
348 2375 478 2442 prorsus
500 2354 566 2420 alia
587 2354 777 2437 significatio
800 2356 876 2439 erat,
900 2355 1098 2439 confudisse,
1126 2377 1199 2423 cum

76 2458 262 2533 pracsertim
278 2492 320 2504 -
336 2462 370 2521 at
384 2452 468 2519 inira
482 2451 663 2519 videbimus
676 2489 720 2500 —
733 2454 894 2521 1·arissime
915 2455 1036 2520 vocalis
1058 2455 1199 2538 liquidae

149 2807 183 2873 ⁴⁸}
197 2807 315 2874 Propter
331 2804 402 2859 banc
421 2795 638 2855 verisimillimum
655 2800 687 2854 iit
709 2801 828 2857 radicem
852 2809 914 2873 trop
938 2804 1043 2874 (*tcrp)
1067 2804 1102 2857 ab
1125 2804 1201 2860 initio

10 2886 19 2925 ἵ
86 2870 234 2943 fldiversam
250 2886 306 2942 isse
323 2900 340 2938 a
356 2883 414 2938 rad.
433 2879 506 2942 taric,
541 2884 594 2940 sed
612 2881 800 2937 difficultatem
817 2886 897 2950 parat
916 2884 998 2952 trepit
1021 2882 1102 2949 illud,
1128 2883 1200 2951 quod

10 2982 20 3025 2,
84 2958 171 3023 Festus
187 2968 216 3023 in
233 2964 356 3022 vertendi
373 2963 482 3020 notione
500 2971 661 3034 usurpatam
678 2978 738 3017 esse
759 2962 850 3017 tradit.
884 2964 999 3018 Videtur
1020 2964 1089 3018 haec
1113 2963 1200 3018 forma

10 3054 17 3095 f·
82 3047 145 3104 aiant
160 3065 198 3118 gr.
218 3048 308 3112 τρέπε
328 3043 482 3115 -dequo
501 3046 580 3101 nobis
604 3044 674 3099 idem
697 3043 967 3111 persuadebimus-
989 3044 1023 3099 ad
1051 3044 1109 3098 rad.
1138 3043 1201 3100 taric
1302 3037 1306 3047 “

79 3130 174 3195 redire,
201 3132 232 3183 ut
258 3125 432 3182 statuendum
451 3127 486 3182 sit
503 3127 557 3181 iarn
574 3124 648 3194 apud
666 3123 877 3179 Graecoitalicos
895 3126 994 3195 *tropo
1012 3125 1040 3178 in
1057 3124 1201 3193 torquendi

77 3211 99 3264 vi
122 3208 249 3278 usurpari
276 3211 401 3275 coeptum
428 3222 494 3262 esse.
530 3206 610 3276 Apud
630 3205 750 3259 Graecos
768 3204 825 3259 rad.
844 3209 1015 3275 torp-trop,
1042 3219 1146 3275 qucep
1164 3204 1200 3257 ab

74 3291 175 3359 origine
192 3287 288 3343 habuit
306 3290 333 3340 ct
349 3286 532 3356 trepidare
550 3284 723 3354 significavit,
742 3288 800 3339 tota
816 3283 994 3338 intermortua
1010 3282 1116 3337 videtur
1134 3283 1201 3344 (nisi

72 3370 141 3427 forta
159 3388 180 3422 π
197 3368 226 3422 in
243 3374 260 3433 β
277 3382 355 3421 verso
373 3369 488 3437 ’ταρβὲω
515 3367 569 3421 huc
595 3366 726 3435 pertinet,
755 3365 827 3434 quod
850 3365 987 3418 Walterus
1005 3362 1061 3416 KZ.
1080 3362 1133 3416 ΧΗ
1150 3367 1199 3417 379

71 3448 133 3507 cum
154 3449 202 3503 lat.
227 3446 392 3518 trop-idme,
419 3447 530 3504 Curtius
557 3450 648 3515 autem
665 3461 691 3513 p.
709 3449 759 3500 486
785 3451 897 3500 auctore
923 3443 1032 3499 Kahnio
1059 3459 1121 3498 cnm
1146 3459 1199 3498 scr.

72 3525 134 3602 παρ’
151 3528 284 3594 contulit).
319 3527 390 3582 Nam
407 3545 457 3585 nec
476 3527 630 3597 *spontino
658 3526 696 3591 (in
720 3523 893 3592 εὐτράπελος
919 3529 996 3589 ceti,
1028 3522 1100 3592 quod
1127 3522 1200 3580 band

70 3612 153 3668 dubie
171 3626 188 3665 a
204 3609 315 3678 propria
333 3607 441 3678 τρέπειν
459 3608 533 3664 vorbi
551 3606 662 3661 notione
679 3604 832 3673 proiectum
850 3610 905 3670 est,
930 3622 992 3660 curn
1010 3619 1063 3658 sor.
1081 3604 1200 3676 apula-s

72 3689 197 3748 conferre
221 3689 284 3744 licet
302 3689 389 3754 (Fick.
408 3708 434 3759 p.
455 3694 511 3754 83t,
539 3703 589 3741 nec
608 3684 816 3754 ἐντρέπεσθαι,
846 3684 918 3754 qnod
937 3684 1047 3739 Fickius
1067 3700 1128 3738 oum
1144 3698 1198 3739 scr.
1240 3696 1244 3703 ’

73 3779 135 3844 trop
154 3770 282 3840 pnderc
300 3775 448 3840 comparat,
467 3768 612 3838 quidquam
629 3768 737 3836 probat,
756 3782 817 3820 cum
835 3766 955 3845 pudendi
972 3766 1109 3819 notionem
1126 3764 1200 3834 apud
1240 3819 1243 3825 ,

72 3852 235 3922 posteriores
247 3850 353 3905 demum
366 3852 512 3920 scriptores
529 3848 629 3904 babeat
648 3852 675 3903 et
692 3863 759 3911 eam,
778 3847 801 3902 si
819 3845 884 3916 quid
901 3846 987 3913 video,
1005 3861 1022 3900 a
1040 3846 1200 3902 vertendi

33 3979 36 3982 ,
75 3934 183 3989 notione
201 3931 351 3987 oriundam.
844 3935 847 3942 '
