2828 4776
215 323 276 386 294
709 329 822 384 ΔΕιηηιιιι

213 499 247 564 in
271 523 306 564 ev
330 505 514 564 eontraotae
537 506 626 581 sunt,
656 501 744 567 ouius
773 505 957 572 mutationis
984 507 1090 591 prima
1111 505 1254 590 vestigia
1277 507 1333 571 iam

212 601 301 684 apud
322 601 496 667 Homerum
517 601 727 684 reperiuntur.
772 603 953 670 Verisimile
975 611 1043 682 est,
1068 627 1104 669 eo
1128 605 1277 671 similiter
1295 612 1335 670 at

214 721 275 784 que
298 701 533 785 diphthongum
551 725 587 766 ευ
610 701 850 786 pronuntiatum
864 721 936 768 esse
951 702 1015 767 iarn
1031 701 1087 766 diu
1108 709 1186 770 ante
1200 702 1336 769 medium

212 799 376 866 saeoulum
399 804 555 881 quartum,
579 818 642 881 quo
666 797 794 864 demum
816 806 960 883 tempore
974 803 1037 864 ΕΥ
1054 800 1088 864 in
1111 799 1338 884 orthographia

213 916 336 980 quoque
358 895 520 961 interdum
542 918 600 980 pro
624 919 660 961 εο
683 915 841 980 apparere
862 898 968 981 eoepit
990 897 1041 972 (of.
1064 899 1196 965 Renner
1219 898 1241 961 l.
1264 898 1285 962 l.
1306 918 1336 981 p.

215 997 297 1070 179).
342 993 421 1060 (lum
449 997 667 1076 pronuntiatio
693 1013 798 1063 novae
828 994 1019 1079 diphthongi
1048 1020 1084 1062 ευ
1119 994 1338 1062 contractione

212 1111 253 1163 ex
282 1116 319 1156 eo
352 1098 450 1156 natae
482 1111 613 1174 prorsus
635 1095 750 1162 eadem
771 1094 866 1160 fuerit
888 1101 983 1176 atque
1004 1094 1137 1175 genuini
1161 1118 1216 1172 ev,
1246 1092 1364 1172 120114

210 1186 278 1254 lieri
300 1188 421 1272 potuit,
450 1194 485 1252 ut
507 1189 683 1275 lapicidae,
714 1194 742 1260 si
770 1190 978 1257 nihilominus
1006 1193 1140 1258 alterurn
1170 1192 1214 1256 ab
1238 1191 1339 1257 altero

211 1285 408 1369 distinguere
430 1286 593 1372 volebant,
615 1293 791 1373 genuinum
814 1313 849 1354 ευ
873 1289 954 1355 falso
977 1289 1092 1356 litteris
1114 1291 1192 1366 EO,
1220 1309 1339 1355 novum

211 1390 322 1448 eontra
349 1388 568 1456 oontraotione
595 1398 707 1457 natum
736 1387 851 1454 litteris
884 1390 945 1450 EY
973 1387 1190 1471 designarent.
1243 1386 1340 1453 Cuius

211 1481 326 1547 erroris
348 1485 499 1566 exempla
520 1487 555 1555 in
577 1489 679 1554 titulis
701 1508 767 1552 non
789 1485 915 1566 desunt,
939 1505 1010 1550 oum
1032 1485 1067 1551 in
1081 1485 1338 1569 Phanagoriensi

210 1577 305 1642 titvlo
335 1581 401 1652 (36)
431 1585 584 1668 seriptum
612 1587 653 1652 sit
674 1581 892 1665 Εοπάμονος,
921 1586 955 1651 in
978 1583 1244 1668 Amphipolitano
1274 1586 1339 1662 (25)

210 1679 261 1745 his
284 1677 433 1766 φεόγειν,
463 1691 574 1749 eontra
602 1685 637 1749 in
658 1682 732 1748 aliis
753 1681 1069 1766 Phanagoriensibus
1092 1675 1174 1760 (36);
1209 1680 1340 1747 Θευδο-

213 1785 297 1867 σίης.
343 1779 446 1860 Quam
468 1782 535 1847 late
563 1788 631 1847 tum
652 1779 792 1865 patuerit
813 1783 947 1847 mutatio
969 1782 1092 1849 vocalis
1115 1805 1133 1845 o
1159 1779 1195 1844 in
1216 1805 1254 1862 v,
1284 1779 1339 1845 de-

210 1888 390 1948 monstrant
419 1881 541 1945 formae
570 1881 710 1962 θεϋροί,
740 1876 889 1962 esstote
918 1884 984 1959 (24)
1005 1882 1040 1946 in
1062 1878 1185 1945 Thasia
1206 1878 1340 1962 inserip-

209 1979 297 2044 tione
321 1979 437 2044 obviae
465 1983 560 2058 (quae
581 1998 647 2043 non
669 1997 710 2043 ex
731 1977 803 2061 ipsa
824 1990 932 2047 vetere
954 1981 1057 2045 torma
1081 1974 1221 2060 θεωρός
1243 1983 1341 2042 natae

85 2077 88 2081 ’
210 2088 294 2158 sunt,
318 2081 375 2146 sed
392 2101 410 2147 e
426 2076 571 2162 θεωρός,
595 2079 681 2162 quod
702 2078 832 2160 quidem
853 2080 887 2143 in
903 2079 1003 2145 tribus
1018 2076 1120 2144 titulis
1134 2073 1265 2140 Thasiis
1288 2093 1341 2140 ve·

209 2183 405 2258 tustioribus,
430 2180 481 2258 23,
505 2181 534 2242 6.
559 2183 587 2242 7.
612 2181 641 2258 8,
665 2184 825 2242 servatum
847 2184 907 2250 est)
931 2184 963 2243 et
984 2176 1158 2260 singularis
1177 2175 1341 2258 orthogra-

209 2281 288 2363 phia
308 2277 427 2358 [oldvot
449 2279 482 2341 in
504 2276 597 2341 titulo
619 2274 798 2358 Mycalensi
821 2278 886 2351 (29)
915 2275 1025 2357 obvia,
1054 2294 1150 2356 quam
1178 2273 1340 2356 equidem,

210 2396 281 2442 oum
309 2377 429 2460 optime
457 2394 528 2439 oum
557 2374 714 2456 scriptura
743 2395 779 2437 εο
808 2393 866 2455 pro
896 2397 933 2438 ευ
963 2371 1127 2455 oonoinat,
1165 2392 1233 2437 non
1269 2391 1340 2438 oum

210 2472 375 2539 Boeohhio
396 2472 431 2536 in
454 2468 551 2536 αὐτοί
574 2474 774 2539 mutaverim.

211 2765 229 2836 5
255 2763 303 2825 13.
349 2756 602 2827 OONOURSUS
627 2759 807 2828 VOCALIS
830 2785 845 2826 ε
870 2759 959 2825 CUM
982 2757 1205 2838 SEQUENTI
1228 2782 1272 2836 ω,
1297 2782 1338 2823 οι.

298 2916 325 2975 1.
370 2910 578 2977 Collisionem
600 2913 761 2978 vooalium
784 2936 799 2977 ε
823 2917 855 2977 et
877 2935 903 2974 ω
935 2912 1088 2978 exhibent
1109 2913 1255 2994 genetivi
1276 2912 1338 2977 sin-

208 3009 329 3092 gularis
352 3016 383 3074 et
405 3010 709 3116 phuraliststirpium
731 3011 766 3074 in
788 3033 809 3073 α
828 3011 1021 3091 exeuntium,
1045 3029 1178 3091 quorum
1200 3011 1284 3077 haeo
1304 3010 1335 3074 in

208 3106 309 3172 titulis
332 3107 489 3172 habemus
513 3110 678 3192 exempla:

251 3204 342 3269 Saeo.
365 3202 411 3266 VI
433 3212 465 3271 ot
487 3205 525 3270 V.

208 3296 489 3378 [Ἀπ)ολ[ων]ίόεω

211 3398 429 3466 &sanctonae
457 3406 507 3477 (21
774 3395 967 3478 (ΠανΙαμύω
991 3399 1054 3479 (21,
1081 3400 1131 3474 12)

204 3499 436 3567 Ἀπολωνίδεω
459 3497 525 3584 (21,

208 3596 446 3686 (Μεγαβάτεω
471 3596 505 3682 (2
529 3649 537 3682 ,
568 3598 621 3684 14)

207 3705 399 3807 Nvlulmlwv
424 3695 493 3784 (17)

213 3803 341 3894 ‘seeo
364 3827 419 3892 uu.

199 3921 472 4011 Άμφιπολιτέων
495 3921 561 4006 (25,
586 3921 618 4007 4)

670 3900 674 3917 1
