2828 4776
147 340 206 404 170
624 343 794 414 Siegismuud

143 516 326 584 Lobeokius
348 536 379 598 p.
404 517 465 581 498
488 515 611 581 monuit
640 515 761 601 ‘poetas
783 513 902 600 dysipo
925 518 1060 583 verbum
1082 519 1171 585 aliter
1188 537 1240 584 rum

143 613 326 681 nominibus
348 612 654 697 hraohyparaleotis,
677 615 771 682 aliter
783 635 855 682 oum
870 615 1029 681 contrario
1047 634 1240 699 generemu-

145 713 290 798 posuisse
318 748 360 757 —
388 708 617 796 ἐγερσίμοθος
652 712 710 779 sed
744 710 973 797 ἕγρεσίκωμος
1001 749 1045 759 -
1073 713 1242 798 eosdemque

145 806 323 895 ἀνέγρετος
356 808 493 889 dixisse,
528 808 582 874 ubi
611 830 690 894 opus
721 817 823 892 esset,
852 805 1032 894 ἆνέγερτος
1061 813 1119 877 uhi
1138 813 1243 880 lieeret’.

146 910 195 977 De
223 907 363 974 metricis
389 904 519 989 quidem
546 908 724 974 rationibus
751 907 836 973 infra
865 907 1011 992 pluribus
1040 909 1245 994 exponendum

143 1005 214 1073 erit.

230 1106 365 1170 78-81.
398 1103 467 1168 Iam
495 1100 618 1185 antiqui
647 1103 846 1185 grammatici
875 1103 1085 1189 antioipatam
1113 1105 1246 1189 liquidam

147 1203 359 1268 observarunt
379 1205 422 1276 (r.
446 1200 525 1265 hob.
549 1222 580 1284 p.
604 1203 678 1275 496)
701 1201 735 1266 10
757 1207 905 1283 quattuor
926 1201 1055 1268 aoristis
1077 1200 1244 1289 ἕ-ὁρακ-ον,

146 1298 348 1385 impoti-ov,
371 1295 566 1382 ἐ’-πραδ-ον,
590 1295 784 1383 irioni-ov.
829 1297 952 1377 Quibus
968 1299 1098 1368 aoristis
1112 1301 1172 1367 hoe
1185 1321 1247 1367 eom·

144 1418 240 1466 mune
263 1405 321 1479 est,
344 1394 430 1478 quod
452 1395 628 1462 levitate
650 1394 790 1478 quadarn
813 1397 962 1462 contrarii
985 1404 1059 1463 sunt
1073 1398 1183 1465 formis
1195 1419 1246 1482 gra·

144 1496 285 1561 rioribus
313 1493 492 1577 praesentis
522 1499 553 1557 et
574 1491 707 1575 persenti
731 1492 912 1578 δέρκ-ομαι
941 1493 1122 1580 dodona-oe
1145 1504 1200 1564 oet.
1216 1530 1245 1540 -

145 1614 211 1659 non
240 1593 333 1659 aliter
362 1611 400 1656 ao
422 1590 449 1656 si
472 1591 505 1655 in
528 1589 578 1654 his
600 1591 696 1675 stirps
720 1591 811 1658 verbi
832 1592 1029 1676 amplificata
1050 1593 1245 1662 adhiberetur.

144 1693 250 1774 Atque
271 1695 306 1754 ut
327 1687 479 1753 Indorum
500 1689 718 1770 grammaticis
740 1709 778 1751 or
799 1688 834 1754 in
856 1690 902 1757 eis
922 1690 1049 1773 formis,
1072 1692 1128 1757 uhi
1149 1689 1246 1757 vocalis

145 1786 333 1872 amplificari
361 1786 502 1868 solebat,
537 1806 578 1852 en
600 1806 618 1870 r
640 1793 742 1852 ortum
773 1805 844 1854 esse
866 1788 1036 1855 videbatur
1058 1826 1101 1835 —
1122 1809 1191 1855 oum
1208 1808 1245 1872 po·

146 1886 209 1954 tius
230 1885 264 1950 in
287 1884 410 1950 eisdem
432 1904 497 1948 non
519 1883 553 1948 in
575 1904 593 1969 ζ·
614 1884 817 1951 debilitatum
839 1888 974 1968 essert),
1005 1887 1052 1952 sio
1076 1886 1155 1970 δερκ
1177 1893 1205 1952 et
1218 1886 1245 1950 si-

144 1984 237 2050 miles
259 1981 375 2065 stirpes
397 1981 532 2066 pristino
554 1980 733 2047 litterarum
755 1983 868 2050 ordine
890 1991 1017 2050 servato
1031 1982 1245 2067 quodammodo

143 2082 315 2147 formarum
344 2078 610 2163 amplificatarum
640 2080 744 2145 locum
766 2081 921 2147 obtinent.
966 2082 1076 2148 Voluit
1097 2090 1199 2150 autem
1216 2077 1245 2147 ad

144 2181 219 2245 illas
240 2178 359 2244 formas
380 2177 551 2245 metathesi
573 2175 776 2243 adlevandas
799 2179 895 2244 etiam
917 2178 961 2259 id,
985 2179 1071 2262 quod
1095 2176 1244 2245 multialii

145 2275 254 2342 aurisii
277 2274 423 2341 similiter·
445 2274 621 2356 sonabant,
651 2274 690 2340 01.
720 2273 849 2358 ἔλακον,
874 2274 1018 2358 ἔμαθον,
1042 2275 1186 2356 ἔπαθον,
1205 2279 1244 2339 κέ·

146 2374 265 2452 καδον,
294 2371 414 2453 ἐ’χαδον
444 2371 498 2452 ab,
529 2391 662 2453 quorum
691 2373 735 2438 ad
757 2373 999 2439 similitudinem
1033 2372 1176 2460 ’ἔδρακον
1203 2392 1243 2457 pro

145 2470 287 2556 ἕὸαρκον
310 2476 370 2535 oet.
393 2468 583 2534 dictasunt.
1273 2489 1274 2493 ¹

233 2574 261 2633 1.
290 2565 372 2632 Rad.
403 2564 486 2651 δαρκ
516 2565 705 2651 (δέρκομαι)
734 2599 775 2620 -ι
803 2587 862 2634 ser.
892 2569 984 2652 dorp,
1018 2569 1057 2635 01.
1081 2575 1146 2653 got.
1168 2567 1245 2631 tori-t

145 2663 390 2750 splendidus
419 2664 460 2728 al.
486 2662 572 2729 (iuri.
602 2686 632 2749 p.
660 2669 729 2731 129.
773 2660 934 2749 Ἔόρακον
964 2692 983 2731 κ
1009 2673 1079 2750 107,
1109 2670 1181 2733 Eur.
1206 2662 1243 2730 Or.

149 2769 228 2829 1456
252 2764 291 2827 N.
314 2762 357 2826 al.
379 2761 425 2843 lh,
449 2761 488 2825 01.
511 2761 666 2847 Hesych:
696 2760 860 2847 ἄδρακον·
884 2758 975 2829 εἶδον
999 2767 1062 2841 (od.
1085 2764 1244 2851 ἄδρακτον·

145 2859 234 2925 ἴδιον
257 2897 298 2904 -
321 2858 362 2923 de
385 2882 406 2920 α
428 2867 600 2941 augmento
623 2881 653 2925 v.
676 2862 754 2926 Ahr.
777 2861 859 2927 aeol.
883 2864 973 2946 229);
999 2863 1136 2949 δρακεῖν
1151 2860 1242 2930 Aesrh.

144 2960 236 3023 Eum.
261 2962 316 3031 343
348 2962 429 3039 part.
459 2976 524 3020 aor.
554 2964 640 3041 pass.
670 2957 806 3043 δρακείς
835 2958 928 3025 Pind.
956 2960 1050 3044 Pyth.
1081 2966 1110 3044 2,
1135 2966 1182 3027 20.
1201 2963 1243 3025 cet·

146 3055 228 3121 Inde
256 3054 344 3138 apud
366 3053 558 3136 posteriores
582 3063 630 3122 est
652 3056 731 3140 perf.
756 3053 948 3140 εἷσέόρακα,
972 3056 1071 3142 Orph.
1095 3061 1170 3142 Arg.
1194 3058 1242 3122 133.

143 3190 186 3199 -
208 3154 363 3218 Derivata
392 3157 466 3217 sunt
496 3171 537 3218 ex
566 3154 678 3219 amisti
706 3154 822 3237 stirpe:
845 3152 996 3238 δράκων,
1021 3177 1052 3220 v.
1076 3155 1160 3222 Cart.
1182 3157 1200 3220 l.
1217 3154 1242 3230 l.;

144 3238 732 3336 ἀδρακές·”01δερκτόν,εὖόρακής·εῧ
747 3249 1032 3338 dsoaadgHesyoh.
1051 3250 1242 3339 Λροκτάζεις·

143 3346 366 3433 περιβλέπεις
387 3347 430 3413 ib.
454 3367 518 3412 non
541 3347 582 3413 ab
606 3349 716 3414 aoristi
737 3349 836 3432 stirpe
859 3351 1031 3417 metathesi
1053 3352 1118 3417 ianr
1140 3352 1241 3424 affecta,

143 3446 202 3513 sed
232 3446 328 3511 etiam
360 3443 484 3528 adron
507 3481 548 3490 —
572 3443 653 3529 dopo
685 3446 735 3525 (01.
766 3444 899 3530 donaris)
931 3448 1058 3514 ductum
1088 3459 1121 3519 et
1148 3443 1242 3515 deindo

143 3542 312 3608 metathesi
334 3541 484 3608 affectum
507 3561 579 3608 esse
600 3551 716 3626 potest.
761 3543 908 3611 Ceterum
931 3545 969 3611 01.
994 3548 1094 3613 Maur.
1124 3539 1241 3614 Schmid-

142 3641 222 3704 tium
245 3640 288 3705 ad
310 3639 448 3725 Hesyeh.
472 3661 497 3706 s.
520 3661 550 3705 v.

213 3858 246 3922 6Γ)
265 3858 306 3912 cf.
332 3859 430 3928 Boppii
456 3875 564 3928 gramm.
591 3876 694 3914 sanscr.
718 3877 744 3928 p.
765 3866 804 3914 31.
823 3891 856 3899 -
875 3861 1038 3931 Saepissime
1062 3865 1112 3919 viri
1134 3860 1197 3919 docti
1215 3867 1237 3908 0⁰

147 3944 334 4003 peccaverunt,
353 3939 426 4007 quod
443 3955 460 3994 a
477 3938 570 3994 formis
588 3958 603 4001 r
621 3940 813 4008 praebentibus
832 3941 948 4010 profecti
966 3951 1038 3999 sunt.
