2828 4776
111 1615 170 1683 51.
218 1610 276 1674 DE
298 1607 516 1676 FONTIBUS
546 1611 573 1675 E
605 1610 764 1689 QUIBUS
793 1611 911 1678 IADIS
941 1612 1230 1682 RECENTIORIS

369 1722 577 1791 OOGNITIO
601 1724 861 1791 HAURIENDA
884 1725 963 1791 SIT.

185 1893 264 1958 Cum
301 1895 417 1960 nostris
452 1893 650 1977 tempon'bus
685 1894 766 1958 ratio
798 1895 951 1960 historica
979 1916 1062 1978 qnae
1098 1894 1230 1966 vocatur

111 2000 129 2056 rt
158 1992 379 2074 comparativa
407 2012 427 2055 a
455 1991 533 2056 viris
569 1992 671 2056 doctis
698 1991 802 2056 fructu
834 1993 868 2056 in
898 1992 967 2058 dies
996 2004 1157 2062 crescente
1185 1998 1229 2062 ad

112 2089 206 2154 tudia
234 2090 445 2171 grammatica
474 2088 681 2160 adhibeatur,
712 2088 809 2153 valde
839 2089 1020 2154 mirandum
1055 2099 1103 2157 est
1131 2100 1228 2175 atque

111 2186 283 2268 dolendum,
307 2186 394 2268 quod
415 2186 522 2251 adhuc
542 2185 627 2250 inter
642 2186 825 2269 philologos
839 2205 1027 2268 graecarum
1050 2189 1227 2256 litterarum

111 2284 258 2349 tudiosos
287 2302 381 2347 nemo
412 2282 548 2364 exstitit,
586 2284 640 2365 qui
672 2283 856 2348 universam
887 2284 1058 2350 dialectum
1086 2287 1226 2354 ionicam

111 2378 356 2446 ‚onractandam
384 2379 446 2445 sibi
476 2387 685 2463 proponeret,
715 2388 887 2464 postquam
916 2379 972 2445 diu
998 2402 1073 2466 spes
1096 2387 1228 2450 evanuit

111 2497 163 2543 ore
185 2484 221 2542 ut
235 2476 394 2543 Henricns
409 2477 565 2542 Ludolfus
579 2477 708 2543 Ahrens
726 2478 890 2560 egregium
912 2497 1003 2544 suum
1026 2480 1067 2547 de
1089 2501 1225 2564 graecae

111 2577 226 2657 inguae
249 2574 396 2639 dialectis
419 2594 499 2656 opus
521 2573 564 2639 ad
586 2573 682 2640 finem
703 2575 904 2658 perduceret.

181 2671 352 2749 Quaeritur
367 2691 430 2753 qua
444 2672 499 2735 via
520 2691 558 2736 ac
580 2671 706 2738 ratione
727 2672 976 2756 procedendum,
999 2676 1114 2757 quibus
1136 2678 1226 2742 anxi-

111 2769 144 2834 is
174 2769 374 2852 potissimum
402 2768 605 2833 innitendum
634 2770 690 2851 sit,
719 2777 754 2834 ut
779 2772 897 2836 lacuna
925 2772 985 2836 illa
1012 2773 1144 2839 tandem
1167 2776 1225 2839 ali-

112 2866 222 2931 uando
252 2867 376 2950 expleri
405 2866 516 2949 possit.
559 2866 607 2931 Ac
629 2868 765 2950 primum
789 2868 918 2950 quidem
940 2870 1030 2934 nullo
1052 2879 1147 2954 pacto
1169 2892 1224 2938 ne-

112 2962 288 3046 legendum
311 2970 377 3045 est,
408 2963 494 3044 quod
516 2983 614 3028 unam
644 2964 818 3030 dialectum
846 2966 983 3030 ionicam
1014 2973 1046 3032 et
1067 2969 1128 3033 sibi
1151 2989 1224 3035 con-

111 3068 230 3126 tantem
253 3081 318 3125 non
341 3061 513 3141 habemus,
542 3080 613 3125 cnm
643 3068 675 3125 et
704 3060 840 3127 diversis
855 3063 1065 3146 temporibus
1095 3064 1223 3131 diversa

111 3159 186 3225 uerit
208 3159 323 3222 Ionum
345 3158 458 3239 lingua
480 3164 511 3222 et
532 3156 566 3220 in
582 3157 654 3222 aliis
670 3157 783 3222 Ionum
799 3158 929 3224 sedibus
950 3160 1049 3224 aliam
1072 3159 1222 3227 habuisse

111 3276 224 3321 ormam
247 3255 402 3320 tradatur.
446 3254 580 3320 Veteres
601 3255 818 3336 grammatici,
847 3255 900 3336 qui
923 3255 965 3322 de
986 3256 1067 3322 Iade
1089 3259 1221 3341 scripse·

111 3361 179 3435 unt,
203 3353 425 3433 mutationum,
447 3371 528 3433 quas
549 3372 608 3434 per
626 3358 804 3435 temporum
827 3352 933 3435 spatia
954 3353 1066 3435 lingua
1086 3355 1219 3438 accepit,

111 3470 254 3532 unquam
276 3449 516 3516 fenerationem
538 3449 669 3529 habent,
694 3448 898 3531 quiquidem
921 3451 998 3515 satis
1021 3451 1082 3516 sibi
1105 3451 1220 3518 fecisse

111 3549 255 3628 identur,
286 3567 356 3612 cum
385 3546 520 3612 formam
551 3547 693 3628 aliquam
719 3547 857 3612 ionicam
881 3564 952 3612 esse
974 3547 1117 3630 tradant,
1147 3569 1218 3614 raro

110 3647 299 3728 istinguant,
322 3651 426 3709 utrum
448 3644 507 3708 illa
521 3641 557 3709 ἐν
574 3650 616 3729 τῇ
638 3644 827 3731 cadurciam
842 3642 935 3730 ἒν-τῇ
951 3651 1219 3731 μεταγενεστέρᾳ

111 3763 143 3810 au
166 3747 315 3827 νεωτέρςε
336 3741 417 3807 Iade
437 3742 573 3823 legatur.

173 3841 363 3906 Nostrorum
398 3858 474 3903 vero
507 3845 686 3922 temporum
721 3837 878 3921 philologi
912 3838 1056 3904 diversas
1089 3838 1219 3920 quidem

111 3938 217 4006 inlecti
240 3943 364 4003 aetates
396 3936 572 4001 accuratius
595 3935 826 4018 distinxerunt,
857 3956 976 4001 novum
1004 3941 1111 4001 autem
1139 3935 1219 4001 mihi

959 4037 1012 4089 17*
