2828 4776
241 107 301 168 ιιι
390 121 396 131 ·
719 68 910 179 ειιςιιωωιι

238 289 271 350 et
292 285 312 363 ξ
331 283 366 347 in
395 281 624 347 vocabulorum
656 282 755 350 iuiu'is
786 282 974 365 collocatis),
1008 281 1295 364 Delbrttclrius,
1317 303 1348 349 ι.

239 379 394 447 ‘Studien'
409 378 436 462 1,
452 382 482 461 2,
501 381 560 444 129
576 399 656 463 sqq„
679 382 745 464 alii,
769 382 824 464 qui
846 400 904 447 suo
919 379 1054 464 quisque
1068 381 1140 445 loco
1154 379 1350 451 nominabu-

237 485 299 543 tur.
332 477 473 543 Maxime
495 483 602 543 autern
616 477 709 544 libris
724 478 946 563 etymologicis
961 476 1117 543 utendum
1133 482 1212 560 erat,
1236 485 1268 544 et
1279 478 1352 545 iuter

239 595 295 643 eos
321 576 494 658 praecipue
516 574 646 641 Curtii
673 577 774 658 libro,
800 577 853 658 qui
875 575 1059 642 inscribitur
1080 573 1285 659 ‘Grundztige
1302 576 1357 643 der

238 672 358 757 gdech.
387 673 598 757 Etymologie'
627 673 690 750 (ed.
714 678 757 750 3.)
786 680 819 738 et
846 673 983 739 Fickii
1010 672 1114 738 lexico
1146 675 1359 757 comparativo

239 770 303 850 (ed.
327 774 384 853 2.);
406 770 510 836 rarius
531 770 701 855 Boppium,
724 771 873 852 Pottium,
896 770 1091 855 Benieyum‚
1115 770 1198 836 alios
1219 771 1363 838 laudatos

237 868 388 950 reperies.
433 867 582 949 Denique
602 869 663 934 hoc
684 869 755 934 loco
778 867 1092 934 commemorandum
1121 872 1171 933 est
1191 868 1360 934 Pettium

239 965 390 1051 ‘Etymol
406 965 545 1030 Forsch.'
560 965 603 1046 1¹,
623 969 683 1031 113
706 986 775 1049 sqq.
798 965 839 1032 de
859 964 1164 1048 indogermanarum
1186 965 1361 1049 linguarum

238 1062 410 1129 metathesi
431 1062 465 1126 in
487 1063 673 1128 universnm
696 1063 878 1146 disputasse
901 1070 934 1128 et
947 1063 1170 1148 Benieyum
1193 1058 1310 1130 ‘Orieut
1325 1085 1360 1128 u.

238 1159 401 1228 Occident'
423 1166 445 1224 t.
469 1160 519 1225 III
541 1181 572 1243 p.
590 1164 629 1224 27
654 1161 848 1244 singularem
872 1161 1035 1243 quandam
1057 1160 1098 1228 de
1120 1160 1308 1244 liquidarum
1325 1167 1361 1228 et

238 1258 399 1324 vocalium
421 1259 669 1324 commutatione
691 1258 883 1324 sententiam
905 1259 1078 1342 protulisse
1101 1259 1152 1336 (ci.
1175 1259 1297 1337 inira§
1331 1261 1356 1334 ).

231 1356 298 1422 -His
334 1375 409 1422 vero
447 1355 623 1439 adiungam
658 1356 696 1420 A.
730 1356 945 1436 thnium‚
983 1358 1036 1440 qui
1071 1357 1105 1421 in
1142 1357 1361 1425 dissertatione

240 1453 359 1520 ‘Ueher
379 1453 657 1519 wurnelvariation
678 1453 779 1519 durch
800 1455 996 1520 metathesis’
1024 1455 1180 1538 inscripta
1210 1453 1358 1539 quaedam

240 1551 282 1617 de
302 1550 490 1617 metathesis
511 1551 544 1615 vi
566 1557 598 1617 et
619 1558 736 1618 natura
756 1552 917 1628 monnit⁰h

773 1763 917 1866 ια’

325 1941 394 2005 lam
427 1947 462 2005 ut
494 1940 536 2007 de
567 1941 757 2007 metathesis
788 1959 925 2023 graecae
956 1947 1102 2008 natura
1134 1946 1167 2006 et
1199 1940 1238 2005 vi
1266 1947 1295 2007 ot
1319 1939 1356 2005 de

240 2038 393 2118 causis,
417 2035 532 2119 quibus
553 2038 756 2121 potissimum
777 2038 897 2104 tactum
920 2040 970 2122 sit,
994 2046 1028 2104 ut
1043 2037 1178 2104 eaedem
1194 2037 1358 2105 litteraein

239 2135 361 2204 eisdem
393 2136 446 2200 vel
480 2136 625 2217 cognatis
656 2136 823 2202 vocabulis
851 2142 971 2202 mutato
1006 2134 1119 2202 ordine
1152 2135 1358 2215 inveniantur,

240 2234 452 2311 disseramus,
481 2231 619 2314 primurn
642 2234 870 2299 occurrendum
894 2239 942 2299 est
963 2232 1107 2316 opinioni
1130 2232 1274 2316 cuidam,
1305 2250 1361 2316 qno,

239 2329 462 2397 transmutatio
477 2329 654 2395 litterarum
670 2350 717 2412 ea,
734 2350 830 2413 quam
845 2332 943 2413 vulgo
957 2349 1030 2395 esse
1044 2329 1213 2413 oredimus,
1237 2330 1360 2397 forsitan

239 2434 307 2493 tota
328 2428 396 2492 vita
417 2426 569 2510 privetur.
614 2427 741 2493 Dixerit
763 2429 849 2494 enim
871 2427 989 2509 aliquis
1003 2426 1139 2493 fortasse
1153 2447 1220 2493 non
1236 2429 1363 2494 alterum

241 2524 282 2590 de
304 2525 430 2590 duabus
456 2523 613 2605 eiusmodi
641 2524 751 2591 formis
780 2546 820 2592 ex
848 2526 952 2592 altera
979 2531 1081 2590 ortam
1109 2543 1197 2606 esse,
1230 2520 1362 2591 seduli

239 2622 321 2688 illud
349 2622 511 2704 videatur,
545 2622 587 2687 ab
614 2622 707 2688 initio
736 2622 897 2705 duplicem
926 2622 1103 2688 litterarum
1125 2620 1364 2688 collocationem

240 2721 274 2785 in
303 2740 361 2784 usu
392 2720 499 2787 luisse.
551 2720 696 2786 Similem
719 2728 805 2786 certe
825 2721 983 2786 rationem
1005 2726 1133 2786 secutus
1155 2720 1364 2786 Buttmannns

241 2817 413 2883 ‘Ausftihrl
444 2817 599 2902 Sprachl.'
629 2820 648 2896 ξ
681 2820 720 2881 13
748 2817 825 2883 adn.
856 2823 874 2883 5
907 2819 941 2883 in
980 2817 1171 2900 quibusdam
1204 2815 1365 2885 vocabulis

239 2915 379 2998 liquidas
401 2922 486 2981 certo
509 2934 567 2980 suo
590 2922 622 2980 ot
644 2915 816 2980 constituto
845 2915 915 2980 loco
945 2916 1086 2982 carnisse
1114 2916 1293 2999 suspicatus
1316 2914 1370 2980 est

240 3012 394 3095 indeque,
424 3012 511 3096 qnod
539 3019 655 3096 poetae
683 3012 765 3078 alias
795 3018 891 3094 atque
919 3032 1016 3095 prosa
1045 3013 1146 3078 oratio
1174 3012 1291 3079 formas
1313 3006 1366 3085 (ci.

131 3165 133 3170 .
239 3110 325 3175 hom.
349 3109 487 3196 κραδίη,
510 3114 716 3194 τραπείομεν
739 3130 797 3194 pro
821 3109 960 3194 καρδία,
983 3114 1191 3192 ταρπείαμεν
1215 3118 1286 3186 cet.)
1309 3104 1372 3173 ad-

310 3398 332 3463 6)
351 3395 403 3449 Hic
421 3395 527 3464 quidem
552 3394 624 3463 quod
648 3394 699 3448 sibi
724 3394 867 3464 proposuit
892 3410 947 3450 non
973 3394 1079 3448 videtur
1105 3393 1302 3452 demonstrasse
1314 3385 1365 3452 (cf-

242 3475 315 3529 Curt.
335 3492 360 3544 p.
381 3479 421 3531 68.
440 3475 571 3530 Schleich.
591 3492 678 3544 comp.
697 3491 722 3543 p.
738 3479 797 3539 333)
816 3480 842 3529 et
859 3475 887 3528 in
906 3474 1017 3544 singulis
1036 3474 1199 3544 quibusdam
1216 3477 1298 3541 falsus
1312 3469 1366 3529 est,

240 3556 313 3609 velut
332 3572 393 3611 curn
410 3573 435 3625 p·
449 3561 479 3610 19
498 3557 615 3610 radicem
632 3574 701 3623 rspy
718 3555 747 3608 in
765 3552 835 3624 ἔρδω
855 3561 882 3608 et
900 3555 965 3623 ῥέζω
984 3555 1155 3609 variatam
1173 3555 1287 3623 diceret3
1303 3557 1366 3607 nom

240 3635 269 3688 in
285 3635 338 3689 hac
355 3636 447 3690 radice
464 3634 621 3690 metathesis
639 3650 694 3690 non
718 3635 752 3689 ad
777 3634 993 3702 distinguendam
1016 3635 1154 3691 notionem
1177 3636 1294 3691 adhibita
1312 3625 1367 3685 tito

243 3715 315 3781 quod
331 3716 359 3769 in
378 3716 436 3771 aliis
454 3716 559 3770 facturn
577 3731 635 3771 esse
654 3715 781 3784 deinceps
799 3715 956 3771 videbimus.
