<?xml version="1.0" encoding="UTF-8"?>
<!DOCTYPE html PUBLIC "-//W3C//DTD XHTML 1.0 Transitional//EN"
    "http://www.w3.org/TR/xhtml1/DTD/xhtml1-transitional.dtd">
<html xmlns="http://www.w3.org/1999/xhtml" xml:lang="en" lang="en">
 <head>
  <title>
</title>
<meta http-equiv="Content-Type" content="text/html;charset=utf-8" />
  <meta name='ocr-system' content='tesseract 3.04.00' />
  <meta name='ocr-capabilities' content='ocr_page ocr_carea ocr_par ocr_line ocrx_word'/>
</head>
<body>
  <div class='ocr_page' id='page_1' title='image "./studienzurgriec02curtgoog/studienzurgriec02curtgoog_0290.png"; bbox 0 0 2828 4776; ppageno 0'>
   <div class='ocr_carea' id='block_1_1' title="bbox 455 321 1269 385">
    <p class='ocr_par' dir='ltr' id='par_1_1' title="bbox 455 321 1269 385">
     <span class='ocr_line' id='line_1_1' title="bbox 455 321 1269 385; baseline -0.004 -1"><span class='ocrx_word' id='word_1_1' title='bbox 455 330 497 385; x_wconf 91' lang='lat' dir='ltr'>De</span> <span class='ocrx_word' id='word_1_2' title='bbox 514 328 653 384; x_wconf 90' lang='lat' dir='ltr'>titulorum</span> <span class='ocrx_word' id='word_1_3' title='bbox 669 327 819 383; x_wconf 78' lang='lat' dir='ltr'><strong>ionicorum</strong></span> <span class='ocrx_word' id='word_1_4' title='bbox 836 327 962 384; x_wconf 85' lang='lat' dir='ltr'>dialecto.</span> <span class='ocrx_word' id='word_1_5' title='bbox 1208 321 1269 383; x_wconf 82' lang='lat'>279</span> 
     </span>
    </p>
   </div>
   <div class='ocr_carea' id='block_1_2' title="bbox 131 495 1270 3890">
    <p class='ocr_par' dir='ltr' id='par_1_2' title="bbox 142 495 1270 682">
     <span class='ocr_line' id='line_1_2' title="bbox 144 495 1270 584; baseline 0.001 -18"><span class='ocrx_word' id='word_1_6' title='bbox 144 500 349 584; x_wconf 84' lang='lat' dir='ltr'>adhibuisse,</span> <span class='ocrx_word' id='word_1_7' title='bbox 373 499 492 581; x_wconf 87' lang='lat' dir='ltr'>cuivis,</span> <span class='ocrx_word' id='word_1_8' title='bbox 521 501 575 566; x_wconf 86' lang='lat' dir='ltr'>vel</span> <span class='ocrx_word' id='word_1_9' title='bbox 598 499 700 565; x_wconf 88' lang='lat' dir='ltr'>obiter</span> <span class='ocrx_word' id='word_1_10' title='bbox 720 499 807 564; x_wconf 91' lang='lat' dir='ltr'>illius</span> <span class='ocrx_word' id='word_1_11' title='bbox 829 499 981 583; x_wconf 84' lang='lat' dir='ltr'><strong>reliquias</strong></span> <span class='ocrx_word' id='word_1_12' title='bbox 1008 501 1205 584; x_wconf 74' lang='lat' dir='ltr'>inspicienti,</span> <span class='ocrx_word' id='word_1_13' title='bbox 1235 495 1270 559; x_wconf 82' lang='lat' dir='ltr'>in</span> 
     </span>
     <span class='ocr_line' id='line_1_3' title="bbox 142 603 376 682; baseline -0.004 -20"><span class='ocrx_word' id='word_1_14' title='bbox 142 604 296 682; x_wconf 89' lang='lat' dir='ltr'>promptu</span> <span class='ocrx_word' id='word_1_15' title='bbox 318 603 376 664; x_wconf 84' lang='lat' dir='ltr'>est.</span> 
     </span>
    </p>

    <p class='ocr_par' dir='ltr' id='par_1_3' title="bbox 131 693 1270 1560">
     <span class='ocr_line' id='line_1_4' title="bbox 231 693 1270 780; baseline 0.001 -21"><span class='ocrx_word' id='word_1_16' title='bbox 231 695 307 760; x_wconf 89' lang='lat' dir='ltr'>Non</span> <span class='ocrx_word' id='word_1_17' title='bbox 328 695 433 761; x_wconf 91' lang='lat' dir='ltr'>minus</span> <span class='ocrx_word' id='word_1_18' title='bbox 454 694 571 759; x_wconf 84' lang='lat' dir='ltr'>falsum</span> <span class='ocrx_word' id='word_1_19' title='bbox 594 701 651 777; x_wconf 90' lang='lat' dir='ltr'>cst,</span> <span class='ocrx_word' id='word_1_20' title='bbox 675 693 760 776; x_wconf 90' lang='lat' dir='ltr'>quod</span> <span class='ocrx_word' id='word_1_21' title='bbox 777 693 817 761; x_wconf 91' lang='lat' dir='ltr'>de</span> <span class='ocrx_word' id='word_1_22' title='bbox 832 694 910 761; x_wconf 89' lang='lat' dir='ltr'>Iade</span> <span class='ocrx_word' id='word_1_23' title='bbox 931 696 1076 780; x_wconf 83' lang='lat' dir='ltr'>traditur,</span> <span class='ocrx_word' id='word_1_24' title='bbox 1100 716 1171 762; x_wconf 93' lang='lat' dir='ltr'>cum</span> <span class='ocrx_word' id='word_1_25' title='bbox 1186 696 1270 761; x_wconf 88' lang='lat' dir='ltr'>tituli</span> 
     </span>
     <span class='ocr_line' id='line_1_5' title="bbox 141 791 1270 876; baseline 0.002 -20"><span class='ocrx_word' id='word_1_26' title='bbox 141 791 240 856; x_wconf 92' lang='lat' dir='ltr'>ionici</span> <span class='ocrx_word' id='word_1_27' title='bbox 265 793 298 856; x_wconf 94' lang='lat' dir='ltr'>in</span> <span class='ocrx_word' id='word_1_28' title='bbox 320 792 506 859; x_wconf 87' lang='lat' dir='ltr'>adhibendo</span> <span class='ocrx_word' id='word_1_29' title='bbox 529 817 546 856; x_wconf 96' lang='grc' dir='ltr'><em>ν</em></span> <span class='ocrx_word' id='word_1_30' title='bbox 567 792 761 876; x_wconf 88' lang='lat' dir='ltr'>paragogico</span> <span class='ocrx_word' id='word_1_31' title='bbox 782 813 912 876; x_wconf 91' lang='lat' dir='ltr'>prorsus</span> <span class='ocrx_word' id='word_1_32' title='bbox 935 794 1071 860; x_wconf 86' lang='lat' dir='ltr'>eandem</span> <span class='ocrx_word' id='word_1_33' title='bbox 1095 794 1270 861; x_wconf 82' lang='lat' dir='ltr'>exhibeant</span> 
     </span>
     <span class='ocr_line' id='line_1_6' title="bbox 140 888 1267 973; baseline 0.002 -19"><span class='ocrx_word' id='word_1_34' title='bbox 140 889 410 972; x_wconf 85' lang='lat' dir='ltr'>inconstantiam,</span> <span class='ocrx_word' id='word_1_35' title='bbox 439 909 522 973; x_wconf 92' lang='lat' dir='ltr'>quae</span> <span class='ocrx_word' id='word_1_36' title='bbox 543 888 631 973; x_wconf 91' lang='lat' dir='ltr'>apud</span> <span class='ocrx_word' id='word_1_37' title='bbox 652 890 843 956; x_wconf 85' lang='lat' dir='ltr'>vetustiores</span> <span class='ocrx_word' id='word_1_38' title='bbox 863 891 986 958; x_wconf 88' lang='lat' dir='ltr'>Atticos</span> <span class='ocrx_word' id='word_1_39' title='bbox 1009 892 1104 957; x_wconf 87' lang='lat' dir='ltr'>obvia</span> <span class='ocrx_word' id='word_1_40' title='bbox 1127 899 1184 959; x_wconf 86' lang='lat' dir='ltr'>est.</span> <span class='ocrx_word' id='word_1_41' title='bbox 1228 891 1267 956; x_wconf 93' lang='lat' dir='ltr'>In</span> 
     </span>
     <span class='ocr_line' id='line_1_7' title="bbox 140 985 1268 1072; baseline 0.001 -20"><span class='ocrx_word' id='word_1_42' title='bbox 140 985 247 1052; x_wconf 90' lang='lat' dir='ltr'>titulis</span> <span class='ocrx_word' id='word_1_43' title='bbox 276 988 360 1054; x_wconf 89' lang='lat' dir='ltr'>enim</span> <span class='ocrx_word' id='word_1_44' title='bbox 390 994 482 1055; x_wconf 83' lang='lat' dir='ltr'>sexto</span> <span class='ocrx_word' id='word_1_45' title='bbox 505 993 537 1054; x_wconf 91' lang='lat' dir='ltr'>et</span> <span class='ocrx_word' id='word_1_46' title='bbox 558 987 669 1069; x_wconf 90' lang='lat' dir='ltr'>quinto</span> <span class='ocrx_word' id='word_1_47' title='bbox 691 989 819 1054; x_wconf 88' lang='lat' dir='ltr'>saeculo</span> <span class='ocrx_word' id='word_1_48' title='bbox 848 987 974 1072; x_wconf 89' lang='lat' dir='ltr'>seriptis</span> <span class='ocrx_word' id='word_1_49' title='bbox 995 989 1076 1054; x_wconf 88' lang='lat' dir='ltr'>haec</span> <span class='ocrx_word' id='word_1_50' title='bbox 1101 995 1268 1056; x_wconf 88' lang='lat' dir='ltr'>occurrunt</span> 
     </span>
     <span class='ocr_line' id='line_1_8' title="bbox 139 1084 310 1169; baseline -0.012 -17"><span class='ocrx_word' id='word_1_51' title='bbox 139 1084 310 1169; x_wconf 87' lang='lat' dir='ltr'>exempla:</span> 
     </span>
     <span class='ocr_line' id='line_1_9' title="bbox 141 1179 980 1270; baseline 0.006 -23"><span class='ocrx_word' id='word_1_52' title='bbox 141 1179 316 1269; x_wconf 74' lang='grc' dir='ltr'>ἀνέθηκεν</span> <span class='ocrx_word' id='word_1_53' title='bbox 333 1231 340 1248; x_wconf 93' lang='grc'><strong>.</strong></span> <span class='ocrx_word' id='word_1_54' title='bbox 358 1231 365 1248; x_wconf 93' lang='grc'><strong>.</strong></span> <span class='ocrx_word' id='word_1_55' title='bbox 383 1230 390 1246; x_wconf 89' lang='grc'><strong>.</strong></span> <span class='ocrx_word' id='word_1_56' title='bbox 409 1231 416 1246; x_wconf 93' lang='grc'><strong>.</strong></span> <span class='ocrx_word' id='word_1_57' title='bbox 441 1186 483 1259; x_wconf 99' lang='grc'>(6)</span> <span class='ocrx_word' id='word_1_58' title='bbox 710 1180 851 1270; x_wconf 76' lang='grc' dir='ltr'><em>ἐποίησε</em></span> <span class='ocrx_word' id='word_1_59' title='bbox 877 1182 912 1249; x_wconf 76' lang='grc' dir='ltr'>δὲ</span> <span class='ocrx_word' id='word_1_60' title='bbox 937 1188 980 1264; x_wconf 90' lang='grc'>(8)</span> 
     </span>
     <span class='ocr_line' id='line_1_10' title="bbox 142 1276 1213 1368; baseline -0.001 -21"><span class='ocrx_word' id='word_1_61' title='bbox 142 1278 303 1347; x_wconf 63' lang='lat' dir='ltr'>dacisca.</span> <span class='ocrx_word' id='word_1_62' title='bbox 327 1284 370 1360; x_wconf 88' lang='grc'>(7)</span> <span class='ocrx_word' id='word_1_63' title='bbox 708 1276 878 1368; x_wconf 80' lang='grc' dir='ltr'><em>[ἀνέθ]ηκε</em></span> <span class='ocrx_word' id='word_1_64' title='bbox 901 1279 1124 1362; x_wconf 67' lang='lat' dir='ltr'>cohabitarint]</span> <span class='ocrx_word' id='word_1_65' title='bbox 1148 1288 1213 1359; x_wconf 94' lang='grc'><strong>(11)</strong></span> 
     </span>
     <span class='ocr_line' id='line_1_11' title="bbox 131 1375 503 1464; baseline 0 -22"><span class='ocrx_word' id='word_1_66' title='bbox 131 1375 433 1464; x_wconf 75' lang='grc' dir='ltr'><em>Ἀνθεστηρίσισιν</em></span> <span class='ocrx_word' id='word_1_67' title='bbox 447 1378 503 1442; x_wconf 84' lang='grc' dir='ltr'>καὶ</span> 
     </span>
     <span class='ocr_line' id='line_1_12' title="bbox 140 1471 707 1560; baseline -0.002 -20"><span class='ocrx_word' id='word_1_68' title='bbox 140 1471 393 1560; x_wconf 80' lang='grc' dir='ltr'><em>Ἡρακλεέσισιν</em></span> <span class='ocrx_word' id='word_1_69' title='bbox 417 1476 473 1540; x_wconf 79' lang='grc' dir='ltr'>καὶ</span> <span class='ocrx_word' id='word_1_70' title='bbox 523 1478 585 1558; x_wconf 86' lang='grc'><strong>(13,</strong></span> <span class='ocrx_word' id='word_1_71' title='bbox 596 1478 707 1551; x_wconf 87' lang='grc'><strong>32-34)</strong></span> 
     </span>
    </p>

    <p class='ocr_par' dir='ltr' id='par_1_4' title="bbox 142 1570 340 1638">
     <span class='ocr_line' id='line_1_13' title="bbox 142 1570 340 1638; baseline 0 -1"><span class='ocrx_word' id='word_1_72' title='bbox 142 1577 282 1638; x_wconf 80' lang='grc' dir='ltr'><em>Δίοισιν</em></span> <span class='ocrx_word' id='word_1_73' title='bbox 305 1570 340 1638; x_wconf 78' lang='grc' dir='ltr'>ἐν</span> 
     </span>
    </p>

    <p class='ocr_par' dir='ltr' id='par_1_5' title="bbox 143 1656 434 1756">
     <span class='ocr_line' id='line_1_14' title="bbox 143 1656 434 1756; baseline 0 -22"><span class='ocrx_word' id='word_1_74' title='bbox 143 1656 226 1756; x_wconf 70' lang='grc' dir='ltr'>ᾗσιν</span> <span class='ocrx_word' id='word_1_75' title='bbox 249 1665 268 1756; x_wconf 74' lang='grc' dir='ltr'>ἡ</span> <span class='ocrx_word' id='word_1_76' title='bbox 294 1674 357 1753; x_wconf 83' lang='lat'>(13,</span> <span class='ocrx_word' id='word_1_77' title='bbox 382 1674 434 1747; x_wconf 84' lang='lat'>36)</span> 
     </span>
    </p>

    <p class='ocr_par' dir='ltr' id='par_1_6' title="bbox 141 1765 1179 2624">
     <span class='ocr_line' id='line_1_15' title="bbox 145 1765 529 1854; baseline 0 -22"><span class='ocrx_word' id='word_1_78' title='bbox 145 1768 305 1854; x_wconf 79' lang='grc' dir='ltr'><em>Τηΐσισιν</em></span> <span class='ocrx_word' id='word_1_79' title='bbox 327 1765 366 1831; x_wconf 82' lang='grc' dir='ltr'>τὸ</span> <span class='ocrx_word' id='word_1_80' title='bbox 390 1771 453 1849; x_wconf 87' lang='grc'><strong>(13,</strong></span> <span class='ocrx_word' id='word_1_81' title='bbox 477 1769 529 1844; x_wconf 88' lang='grc'>43)</span> 
     </span>
     <span class='ocr_line' id='line_1_16' title="bbox 142 1862 1179 1950; baseline 0 -19"><span class='ocrx_word' id='word_1_82' title='bbox 142 1863 264 1944; x_wconf 69' lang='grc' dir='ltr'><em>ἔδοξεν</em></span> <span class='ocrx_word' id='word_1_83' title='bbox 280 1913 287 1929; x_wconf 90' lang='grc'><strong>.</strong></span> <span class='ocrx_word' id='word_1_84' title='bbox 305 1914 312 1929; x_wconf 92' lang='grc'><strong>.</strong></span> <span class='ocrx_word' id='word_1_85' title='bbox 329 1913 336 1928; x_wconf 93' lang='grc'><strong>.</strong></span> <span class='ocrx_word' id='word_1_86' title='bbox 355 1913 363 1928; x_wconf 92' lang='grc'><strong>.</strong></span> <span class='ocrx_word' id='word_1_87' title='bbox 388 1869 452 1941; x_wconf 90' lang='grc'><strong>(16)</strong></span> <span class='ocrx_word' id='word_1_88' title='bbox 707 1862 897 1942; x_wconf 58' lang='lat' dir='ltr'>{acerbiter</span> <span class='ocrx_word' id='word_1_89' title='bbox 918 1862 1013 1950; x_wconf 80' lang='grc' dir='ltr'><em>Ἔρξ.</em></span> <span class='ocrx_word' id='word_1_90' title='bbox 1032 1875 1040 1931; x_wconf 91' lang='grc'>’.</span> <span class='ocrx_word' id='word_1_91' title='bbox 1057 1915 1065 1931; x_wconf 89' lang='grc'><strong>.</strong></span> <span class='ocrx_word' id='word_1_92' title='bbox 1083 1916 1089 1931; x_wconf 93' lang='grc'><strong>.</strong></span> <span class='ocrx_word' id='word_1_93' title='bbox 1114 1873 1179 1943; x_wconf 91' lang='grc'><strong>(16)</strong></span> 
     </span>
     <span class='ocr_line' id='line_1_17' title="bbox 142 1959 506 2046; baseline -0.003 -18"><span class='ocrx_word' id='word_1_94' title='bbox 142 1959 418 2046; x_wconf 74' lang='grc' dir='ltr'><em>ἔγρσμμ]άιενεν.</em></span> <span class='ocrx_word' id='word_1_95' title='bbox 442 1965 506 2040; x_wconf 87' lang='grc'><strong>(16)</strong></span> 
     </span>
     <span class='ocr_line' id='line_1_18' title="bbox 141 2055 634 2144; baseline -0.002 -20"><span class='ocrx_word' id='word_1_96' title='bbox 141 2058 331 2144; x_wconf 80' lang='grc' dir='ltr'><em>Νύμφῃσιν</em></span> <span class='ocrx_word' id='word_1_97' title='bbox 353 2055 546 2124; x_wconf 79' lang='grc' dir='ltr'><em>κᾶνεόλλισνι</em></span> <span class='ocrx_word' id='word_1_98' title='bbox 569 2064 634 2138; x_wconf 84' lang='grc'><strong>(16)</strong></span> 
     </span>
     <span class='ocr_line' id='line_1_19' title="bbox 141 2151 486 2241; baseline -0.012 -19"><span class='ocrx_word' id='word_1_99' title='bbox 141 2155 296 2240; x_wconf 85' lang='grc' dir='ltr'><em>Χάρισιν</em></span> <span class='ocrx_word' id='word_1_100' title='bbox 319 2151 397 2241; x_wconf 78' lang='grc' dir='ltr'><em>σῖγα</em></span> <span class='ocrx_word' id='word_1_101' title='bbox 421 2161 486 2236; x_wconf 84' lang='grc'><strong>(15)</strong></span> 
     </span>
     <span class='ocr_line' id='line_1_20' title="bbox 143 2253 592 2330; baseline -0.007 -9"><span class='ocrx_word' id='word_1_102' title='bbox 143 2253 274 2321; x_wconf 75' lang='grc' dir='ltr'><em>ἔδωκεν</em></span> <span class='ocrx_word' id='word_1_103' title='bbox 297 2260 503 2319; x_wconf 81' lang='grc' dir='ltr'><em>Σνκειεῦσιν.</em></span> <span class='ocrx_word' id='word_1_104' title='bbox 527 2257 592 2330; x_wconf 90' lang='grc'><strong>(26)</strong></span> 
     </span>
     <span class='ocr_line' id='line_1_21' title="bbox 141 2348 583 2437; baseline 0 -21"><span class='ocrx_word' id='word_1_105' title='bbox 141 2350 337 2437; x_wconf 73' lang='grc' dir='ltr'><em>μνήμ(σ)σιν</em></span> <span class='ocrx_word' id='word_1_106' title='bbox 362 2348 421 2417; x_wconf 77' lang='grc' dir='ltr'>ἐπὶ</span> <span class='ocrx_word' id='word_1_107' title='bbox 443 2354 507 2432; x_wconf 88' lang='grc'><strong>(21,</strong></span> <span class='ocrx_word' id='word_1_108' title='bbox 534 2356 583 2427; x_wconf 89' lang='grc'><strong>16)</strong></span> 
     </span>
     <span class='ocr_line' id='line_1_22' title="bbox 141 2443 504 2534; baseline 0.003 -22"><span class='ocrx_word' id='word_1_109' title='bbox 141 2448 250 2534; x_wconf 79' lang='grc' dir='ltr'><em>μησὶν</em></span> <span class='ocrx_word' id='word_1_110' title='bbox 273 2443 338 2511; x_wconf 72' lang='grc' dir='ltr'>ἀπ’</span> <span class='ocrx_word' id='word_1_111' title='bbox 362 2453 426 2531; x_wconf 93' lang='grc'><strong>(21,</strong></span> <span class='ocrx_word' id='word_1_112' title='bbox 454 2451 504 2524; x_wconf 89' lang='grc'>18)</span> 
     </span>
     <span class='ocr_line' id='line_1_23' title="bbox 145 2544 613 2624; baseline -0.013 -12"><span class='ocrx_word' id='word_1_113' title='bbox 145 2544 318 2624; x_wconf 60' lang='lat' dir='ltr'>ebdomota</span> <span class='ocrx_word' id='word_1_114' title='bbox 340 2551 440 2610; x_wconf 82' lang='grc' dir='ltr'><strong><em>τοῦτο</em></strong></span> <span class='ocrx_word' id='word_1_115' title='bbox 464 2550 527 2623; x_wconf 85' lang='grc'><strong>(21,</strong></span> <span class='ocrx_word' id='word_1_116' title='bbox 551 2548 613 2620; x_wconf 91' lang='grc'><strong>21).</strong></span> 
     </span>
    </p>

    <p class='ocr_par' dir='ltr' id='par_1_7' title="bbox 140 2641 1269 3292">
     <span class='ocr_line' id='line_1_24' title="bbox 232 2641 1269 2726; baseline 0.002 -20"><span class='ocrx_word' id='word_1_117' title='bbox 232 2643 419 2708; x_wconf 83' lang='lat' dir='ltr'>Formarum</span> <span class='ocrx_word' id='word_1_118' title='bbox 447 2643 544 2725; x_wconf 89' lang='lat' dir='ltr'>igitur</span> <span class='ocrx_word' id='word_1_119' title='bbox 571 2641 787 2726; x_wconf 87' lang='lat' dir='ltr'>undeviginti,</span> <span class='ocrx_word' id='word_1_120' title='bbox 817 2660 899 2723; x_wconf 89' lang='lat' dir='ltr'>quae</span> <span class='ocrx_word' id='word_1_121' title='bbox 927 2665 944 2704; x_wconf 97' lang='grc' dir='ltr'><em>ν</em></span> <span class='ocrx_word' id='word_1_122' title='bbox 967 2642 1196 2724; x_wconf 87' lang='lat' dir='ltr'>paragogicum</span> <span class='ocrx_word' id='word_1_123' title='bbox 1221 2662 1269 2709; x_wconf 89' lang='lat' dir='ltr'>re-</span> 
     </span>
     <span class='ocr_line' id='line_1_25' title="bbox 143 2739 1269 2823; baseline -0.001 -17"><span class='ocrx_word' id='word_1_124' title='bbox 143 2741 254 2823; x_wconf 89' lang='lat' dir='ltr'>cipere</span> <span class='ocrx_word' id='word_1_125' title='bbox 284 2747 432 2823; x_wconf 86' lang='lat' dir='ltr'>possunt,</span> <span class='ocrx_word' id='word_1_126' title='bbox 472 2740 612 2807; x_wconf 86' lang='lat' dir='ltr'>sedecim</span> <span class='ocrx_word' id='word_1_127' title='bbox 646 2760 786 2806; x_wconf 85' lang='lat' dir='ltr'>revera</span> <span class='ocrx_word' id='word_1_128' title='bbox 820 2739 960 2820; x_wconf 89' lang='lat' dir='ltr'>habent,</span> <span class='ocrx_word' id='word_1_129' title='bbox 998 2744 1063 2805; x_wconf 90' lang='lat' dir='ltr'>tres</span> <span class='ocrx_word' id='word_1_130' title='bbox 1098 2746 1222 2805; x_wconf 90' lang='lat' dir='ltr'>tantum</span> <span class='ocrx_word' id='word_1_131' title='bbox 1252 2765 1269 2804; x_wconf 95' lang='grc' dir='ltr'><em>ν</em></span> 
     </span>
     <span class='ocr_line' id='line_1_26' title="bbox 141 2836 1268 2920; baseline -0.002 -16"><span class='ocrx_word' id='word_1_132' title='bbox 141 2838 304 2904; x_wconf 86' lang='lat' dir='ltr'>omittunt.</span> <span class='ocrx_word' id='word_1_133' title='bbox 348 2840 487 2902; x_wconf 82' lang='lat' dir='ltr'>Tantum</span> <span class='ocrx_word' id='word_1_134' title='bbox 509 2838 605 2920; x_wconf 90' lang='lat' dir='ltr'>igitur</span> <span class='ocrx_word' id='word_1_135' title='bbox 627 2838 734 2920; x_wconf 89' lang='lat' dir='ltr'>abest,</span> <span class='ocrx_word' id='word_1_136' title='bbox 763 2843 799 2902; x_wconf 93' lang='lat' dir='ltr'>ut</span> <span class='ocrx_word' id='word_1_137' title='bbox 828 2836 984 2902; x_wconf 88' lang='lat' dir='ltr'>dialectus</span> <span class='ocrx_word' id='word_1_138' title='bbox 1009 2837 1127 2920; x_wconf 89' lang='lat' dir='ltr'>ubique</span> <span class='ocrx_word' id='word_1_139' title='bbox 1148 2837 1229 2902; x_wconf 90' lang='lat' dir='ltr'>illud</span> <span class='ocrx_word' id='word_1_140' title='bbox 1251 2863 1268 2902; x_wconf 97' lang='grc' dir='ltr'><em>ν</em></span> 
     </span>
     <span class='ocr_line' id='line_1_27' title="bbox 140 2933 1269 3017; baseline -0.001 -17"><span class='ocrx_word' id='word_1_141' title='bbox 140 2934 315 3017; x_wconf 80' lang='lat' dir='ltr'>neglegat,</span> <span class='ocrx_word' id='word_1_142' title='bbox 346 2942 381 2999; x_wconf 92' lang='lat' dir='ltr'>ut</span> <span class='ocrx_word' id='word_1_143' title='bbox 407 2936 461 3001; x_wconf 90' lang='lat' dir='ltr'>vel</span> <span class='ocrx_word' id='word_1_144' title='bbox 490 2935 764 3017; x_wconf 90' lang='lat' dir='ltr'>frequentissimus</span> <span class='ocrx_word' id='word_1_145' title='bbox 786 2933 934 3000; x_wconf 85' lang='lat' dir='ltr'>videatur</span> <span class='ocrx_word' id='word_1_146' title='bbox 955 2933 1053 3001; x_wconf 89' lang='lat' dir='ltr'>fuisse</span> <span class='ocrx_word' id='word_1_147' title='bbox 1074 2936 1161 3001; x_wconf 88' lang='lat' dir='ltr'>illius</span> <span class='ocrx_word' id='word_1_148' title='bbox 1183 2956 1269 3001; x_wconf 91' lang='lat' dir='ltr'>usus.</span> 
     </span>
     <span class='ocr_line' id='line_1_28' title="bbox 142 3031 1269 3115; baseline -0.001 -18"><span class='ocrx_word' id='word_1_149' title='bbox 142 3031 252 3113; x_wconf 81' lang='lat' dir='ltr'>certa,</span> <span class='ocrx_word' id='word_1_150' title='bbox 276 3052 371 3114; x_wconf 88' lang='lat' dir='ltr'>quam</span> <span class='ocrx_word' id='word_1_151' title='bbox 393 3032 586 3099; x_wconf 76' lang='lat' dir='ltr'>recentiores</span> <span class='ocrx_word' id='word_1_152' title='bbox 608 3033 730 3098; x_wconf 86' lang='lat' dir='ltr'>Atticos</span> <span class='ocrx_word' id='word_1_153' title='bbox 752 3038 879 3097; x_wconf 89' lang='lat' dir='ltr'>secutos</span> <span class='ocrx_word' id='word_1_154' title='bbox 901 3051 972 3098; x_wconf 89' lang='lat' dir='ltr'>esse</span> <span class='ocrx_word' id='word_1_155' title='bbox 993 3039 1133 3114; x_wconf 87' lang='lat' dir='ltr'>constat,</span> <span class='ocrx_word' id='word_1_156' title='bbox 1156 3033 1269 3115; x_wconf 88' lang='lat' dir='ltr'>regula</span> 
     </span>
     <span class='ocr_line' id='line_1_29' title="bbox 140 3128 1269 3212; baseline 0 -17"><span class='ocrx_word' id='word_1_157' title='bbox 140 3129 216 3195; x_wconf 93' lang='lat' dir='ltr'>usui</span> <span class='ocrx_word' id='word_1_158' title='bbox 238 3148 305 3193; x_wconf 91' lang='lat' dir='ltr'>non</span> <span class='ocrx_word' id='word_1_159' title='bbox 324 3129 449 3207; x_wconf 86' lang='lat' dir='ltr'>subest,</span> <span class='ocrx_word' id='word_1_160' title='bbox 480 3149 551 3193; x_wconf 91' lang='lat' dir='ltr'>cum</span> <span class='ocrx_word' id='word_1_161' title='bbox 580 3135 611 3195; x_wconf 91' lang='lat' dir='ltr'>et</span> <span class='ocrx_word' id='word_1_162' title='bbox 639 3134 716 3194; x_wconf 90' lang='lat' dir='ltr'>ante</span> <span class='ocrx_word' id='word_1_163' title='bbox 738 3128 867 3194; x_wconf 89' lang='lat' dir='ltr'>vocales</span> <span class='ocrx_word' id='word_1_164' title='bbox 889 3154 906 3193; x_wconf 95' lang='grc' dir='ltr'><em>ν</em></span> <span class='ocrx_word' id='word_1_165' title='bbox 929 3130 1119 3212; x_wconf 82' lang='lat' dir='ltr'>neglegatur</span> <span class='ocrx_word' id='word_1_166' title='bbox 1140 3136 1172 3194; x_wconf 88' lang='lat' dir='ltr'>et</span> <span class='ocrx_word' id='word_1_167' title='bbox 1193 3136 1269 3195; x_wconf 88' lang='lat' dir='ltr'>ante</span> 
     </span>
     <span class='ocr_line' id='line_1_30' title="bbox 140 3226 579 3292; baseline -0.005 0"><span class='ocrx_word' id='word_1_168' title='bbox 140 3231 359 3292; x_wconf 85' lang='lat' dir='ltr'>consonantes</span> <span class='ocrx_word' id='word_1_169' title='bbox 381 3226 579 3292; x_wconf 88' lang='lat' dir='ltr'>adhibeatur.</span> 
     </span>
    </p>

    <p class='ocr_par' dir='ltr' id='par_1_8' title="bbox 139 3322 1266 3890">
     <span class='ocr_line' id='line_1_31' title="bbox 230 3322 1266 3408; baseline 0 -20"><span class='ocrx_word' id='word_1_170' title='bbox 230 3323 346 3389; x_wconf 86' lang='lat' dir='ltr'>Rarius</span> <span class='ocrx_word' id='word_1_171' title='bbox 367 3323 538 3391; x_wconf 89' lang='lat' dir='ltr'>adhibetur</span> <span class='ocrx_word' id='word_1_172' title='bbox 561 3349 578 3389; x_wconf 96' lang='grc' dir='ltr'><em>ν</em></span> <span class='ocrx_word' id='word_1_173' title='bbox 601 3323 827 3408; x_wconf 88' lang='lat' dir='ltr'>paragogicum</span> <span class='ocrx_word' id='word_1_174' title='bbox 850 3323 883 3386; x_wconf 93' lang='lat' dir='ltr'>in</span> <span class='ocrx_word' id='word_1_175' title='bbox 906 3322 1006 3388; x_wconf 89' lang='lat' dir='ltr'>titulis</span> <span class='ocrx_word' id='word_1_176' title='bbox 1027 3322 1266 3405; x_wconf 87' lang='lat' dir='ltr'>recentioribus,</span> 
     </span>
     <span class='ocr_line' id='line_1_32' title="bbox 139 3420 614 3505; baseline 0 -18"><span class='ocrx_word' id='word_1_177' title='bbox 139 3422 197 3487; x_wconf 91' lang='lat' dir='ltr'>ubi</span> <span class='ocrx_word' id='word_1_178' title='bbox 221 3420 303 3486; x_wconf 88' lang='lat' dir='ltr'>haec</span> <span class='ocrx_word' id='word_1_179' title='bbox 324 3421 426 3488; x_wconf 88' lang='lat' dir='ltr'>habes</span> <span class='ocrx_word' id='word_1_180' title='bbox 449 3424 614 3505; x_wconf 84' lang='lat' dir='ltr'>exempla:</span> 
     </span>
     <span class='ocr_line' id='line_1_33' title="bbox 141 3515 540 3605; baseline 0.003 -22"><span class='ocrx_word' id='word_1_181' title='bbox 141 3515 315 3605; x_wconf 74' lang='grc' dir='ltr'><em>ἀνέθηκεν</em></span> <span class='ocrx_word' id='word_1_182' title='bbox 337 3517 398 3605; x_wconf 66' lang='grc' dir='ltr'>τὴν</span> <span class='ocrx_word' id='word_1_183' title='bbox 422 3522 483 3602; x_wconf 83' lang='grc'><strong>(24,</strong></span> <span class='ocrx_word' id='word_1_184' title='bbox 509 3524 540 3596; x_wconf 88' lang='grc'><strong>3)</strong></span> 
     </span>
     <span class='ocr_line' id='line_1_34' title="bbox 140 3621 371 3699; baseline -0.009 -16"><span class='ocrx_word' id='word_1_185' title='bbox 140 3621 313 3699; x_wconf 82' lang='grc' dir='ltr'><em>μέτεστιν.</em></span> <span class='ocrx_word' id='word_1_186' title='bbox 328 3651 371 3660; x_wconf 98' lang='grc'><strong>-</strong></span> 
     </span>
     <span class='ocr_line' id='line_1_35' title="bbox 141 3717 554 3792; baseline -0.005 -12"><span class='ocrx_word' id='word_1_187' title='bbox 141 3717 330 3780; x_wconf 82' lang='grc' dir='ltr'><em>πείθωσιν.</em></span> <span class='ocrx_word' id='word_1_188' title='bbox 355 3748 395 3758; x_wconf 96' lang='grc'>-</span> <span class='ocrx_word' id='word_1_189' title='bbox 490 3717 554 3792; x_wconf 86' lang='grc'><strong>(25)</strong></span> 
     </span>
     <span class='ocr_line' id='line_1_36' title="bbox 141 3807 567 3890; baseline 0 -15"><span class='ocrx_word' id='word_1_190' title='bbox 141 3808 432 3890; x_wconf 48' lang='lat' dir='ltr'>fflmfflwm</span> <span class='ocrx_word' id='word_1_191' title='bbox 565 3807 567 3813; x_wconf 70' lang='grc'><strong>’</strong></span> 
     </span>
    </p>
   </div>
   <div class='ocr_carea' id='block_1_3' title="bbox 141 3907 474 3992">
    <p class='ocr_par' dir='ltr' id='par_1_9' title="bbox 141 3907 474 3992">
     <span class='ocr_line' id='line_1_37' title="bbox 141 3907 474 3992; baseline -0.006 -18"><span class='ocrx_word' id='word_1_192' title='bbox 141 3907 262 3988; x_wconf 69' lang='grc' dir='ltr'><em>ἔδοξεν</em></span> <span class='ocrx_word' id='word_1_193' title='bbox 284 3913 333 3992; x_wconf 76' lang='grc' dir='ltr'>τῷ</span> <span class='ocrx_word' id='word_1_194' title='bbox 357 3910 418 3991; x_wconf 89' lang='grc'><strong>(26,</strong></span> <span class='ocrx_word' id='word_1_195' title='bbox 445 3910 474 3985; x_wconf 87' lang='grc'><strong>1)</strong></span> 
     </span>
    </p>
   </div>
   <div class='ocr_carea' id='block_1_4' title="bbox 0 0 1418 4776">
    <p class='ocr_par' dir='ltr' id='par_1_10' title="bbox 0 0 1418 4776">
     <span class='ocr_line' id='line_1_38' title="bbox 0 0 1418 4776; baseline 0 2"><span class='ocrx_word' id='word_1_196' title='bbox 0 0 1418 4776; x_wconf 95' lang='lat' dir='ltr'> </span> 
     </span>
    </p>
   </div>
  </div>
 </body>
</html>
