2828 4776
231 349 294 412 434
635 377 639 386 ·
749 353 857 410 Curtius

230 525 317 592 idem
339 545 369 589 n.
393 528 455 591 304

357 623 437 706 Age,
461 641 530 705 age,
553 621 696 700 amolire,
718 623 840 706 amitte,
865 644 944 694 eave
966 631 1091 692 vestem
1114 627 1239 708 αιτὶφαε,

230 720 363 787 Plautus
385 721 514 787 Mercat.
536 740 566 783 v.
591 721 632 784 32

206 899 211 905 Α
384 838 466 901 quae
488 817 570 883 nihil
592 818 748 900 anteponi
768 817 811 884 ad
832 838 910 900 rem,
934 837 993 884 neo
1015 825 1090 885 sunt
1112 821 1195 902 usui,

178 916 213 985 V.
230 914 316 984 idem
339 915 513 982 Mostellar.
534 935 565 979 v.
588 918 651 981 468

543 1012 645 1079 Aedis
667 1033 710 1080 ne
732 1015 882 1096 attipctir,
906 1015 1030 1098 tangite

231 1118 263 1178 et
284 1110 401 1177 Bacch.
424 1115 504 1193 445,
534 1111 662 1176 Trucul.
686 1111 770 1195 112,
794 1115 854 1193 21,
878 1111 973 1196 Epid.
997 1112 1027 1177 V
1048 1115 1078 1194 2,
1101 1115 1162 1194 58,
1197 1111 1353 1196 Turpilius

230 1229 261 1273 v.
287 1212 347 1274 106
368 1227 407 1271 ne
428 1209 551 1291 otiique.
596 1209 666 1274 Neo
694 1209 862 1292 quisquam
884 1210 998 1274 harum
1026 1229 1132 1278 rerum
1156 1209 1260 1294 paulo
1283 1209 1354 1294 peri·

232 1305 293 1370 tior
327 1306 360 1370 in
394 1312 535 1372 mentem
570 1306 718 1378 inducat,
751 1306 887 1372 formam
916 1307 1106 1391 ampliorem
1133 1313 1205 1372 tum
1237 1306 1355 1375 demum

230 1409 340 1468 natam
372 1422 461 1485 esse,
491 1422 562 1468 curn
591 1404 662 1487 jam
690 1404 793 1485 ,Musa
822 1404 956 1488 pinnato
978 1403 1081 1489 gradu
1108 1404 1306 1472 bellicosam
1331 1405 1355 1471 in

229 1500 357 1564 Romuli
379 1507 508 1583 gentem
530 1501 639 1568 feram’
662 1522 698 1569 se
718 1501 896 1585 intulisset,
926 1522 997 1567 oum
1019 1502 1098 1569 satis
1116 1508 1249 1568 constet
1270 1501 1356 1569 simili

230 1597 352 1663 nasalis
373 1597 595 1664 additamento
624 1599 712 1683 apud
734 1599 834 1666 Indos
857 1600 1061 1682 Graecosque
1089 1600 1281 1685 praesentis
1307 1600 1357 1665 ior-

230 1714 299 1759 mas
314 1695 356 1759 ab
372 1694 412 1760 iis
428 1694 581 1779 distingui
604 1716 688 1779 quae
704 1716 745 1762 ex
758 1697 831 1780 ipsa
845 1695 955 1763 radice
969 1697 1215 1781 pullulaverint
1250 1698 1357 1782 Itaque

231 1791 380 1875 quoniam
404 1792 516 1858 eodem
539 1801 683 1878 tempore
706 1799 738 1861 et
752 1793 841 1877 apud
855 1793 985 1860 eosdem
1001 1796 1174 1878 scriptores
1197 1796 1357 1880 utriusque

229 1889 357 1972 generis
371 1889 490 1957 formas
503 1890 693 1973 invenimus,
716 1891 783 1958 fere
799 1892 942 1974 cogimur
957 1897 992 1956 ut
1006 1893 1159 1975 alanquer
1175 1912 1254 1958 cum
1270 1893 1357 1960 Grae·

230 2007 337 2053 corum
358 1987 611 2074 προςθιγγάνω,
634 1989 800 2055 Attianum
822 1996 929 2056 autem
950 1988 1032 2054 illud
1054 1996 1086 2056 et
1104 1990 1302 2060 Plautinum
1321 2004 1355 2058 nt

229 2087 310 2169 tipus
331 2107 402 2152 oum
425 2105 541 2170 graeco
564 2092 759 2173 προςθίγῃς
781 2107 1011 2171 comparemus.
1056 2087 1208 2170 Simplex
1230 2093 1355 2159 verbum

229 2183 299 2249 sine
320 2184 426 2250 nasali
447 2184 555 2252 littera
577 2186 694 2269 legitur
715 2184 750 2250 in
772 2184 897 2251 duobus
918 2185 1051 2251 Pacuvii
1071 2187 1224 2255 versibus

458 2303 488 2347 v.
515 2286 574 2348 165
597 2291 632 2348 at
653 2304 718 2349 non
740 2302 879 2364 cernam,
902 2282 965 2348 nisi
987 2293 1091 2366 tapam

451 2386 489 2445 ἐ.
514 2374 576 2446 344
599 2387 634 2445 ut
657 2400 727 2464 ego,
751 2380 777 2446 si
800 2381 968 2463 quisquam
990 2399 1042 2446 me
1065 2383 1146 2465 topic

230 2499 363 2562 quorum
386 2479 544 2562 posterior
566 2478 774 2560 demonstrat,
798 2477 897 2544 etiam
918 2477 1128 2544 indicativum
1153 2489 1232 2563 tnpo
1255 2481 1291 2547 in
1306 2501 1356 2548 usu

229 2576 337 2659 luisse,
360 2576 414 2659 qui
430 2577 480 2641 oui
495 2596 537 2642 ex
550 2595 668 2659 graeca
682 2575 795 2659 lingua
810 2581 1020 2658 comparetur,
1043 2596 1109 2641 non
1128 2577 1244 2644 habet.
1286 2579 1356 2663 Ejus

228 2674 332 2758 prima
354 2693 493 2757 persona
514 2673 548 2737 in
570 2673 706 2757 Turpilii
728 2672 841 2738 comici
862 2672 1040 2756 fragmento
1069 2677 1111 2752 (v.
1134 2677 1210 2752 131)
1242 2697 1273 2742 a
1291 2677 1356 2743 aio

228 2770 344 2836 beekio
366 2777 496 2854 recepta
517 2777 567 2838 est

448 2869 556 2949 Erum,
579 2868 607 2934 si
629 2867 721 2949 forte,
745 2868 837 2950 quasi
858 2868 951 2951 alias,
973 2866 1040 2932 vini
1064 2877 1136 2951 tho

229 2965 314 3047 quod
337 2964 495 3048 quomodo
518 2966 675 3032 scribatur
697 2972 730 3032 et
752 2965 930 3049 explicetur
958 2985 1024 3030 non
1047 2966 1125 3032 satis
1156 2969 1354 3051 exploratum

228 3070 286 3129 est.
332 3062 487 3145 Ejusdem
504 3070 553 3129 est
566 3063 695 3147 generis
718 3062 803 3145 quod
825 3063 859 3126 in
876 3068 1005 3128 vetusta
1019 3062 1101 3146 legis
1116 3063 1262 3131 formula
1283 3066 1355 3131 liber

227 3160 260 3226 ΙΙ
282 3160 326 3226 ad
342 3161 538 3226 Herennium
556 3181 583 3226 e.
602 3165 640 3227 13
663 3160 822 3227 servavit:
846 3179 921 3226 rem*
935 3158 990 3224 ubi
1009 3170 1138 3244 poponi.
1186 3163 1242 3228 Ad
1265 3163 1354 3229 aliam

227 3258 398 3326 verborum
413 3258 551 3324 classem
566 3258 707 3342 pertinet
720 3259 824 3341 papan,
848 3256 934 3339 quod
952 3257 1029 3340 quin
1044 3277 1086 3324 ex
1099 3260 1243 3342 piper-o
1259 3267 1353 3326 ortum

227 3357 269 3422 sit
290 3375 419 3439 prorsus
441 3355 556 3421 eodem
578 3355 673 3421 modo
696 3375 758 3437 quo
780 3375 932 3437 graecum
946 3359 1157 3448 yi-yr-o-pcs
1175 3377 1218 3424 ex
1233 3381 1353 3443 yr-ysr·

228 3477 336 3534 ο·μαι,
360 3451 492 3517 dubium
514 3473 580 3517 non
598 3460 655 3519 est.
688 3453 804 3535 Itaque
826 3457 955 3518 vetusta
976 3451 1088 3534 forma,
1112 3473 1199 3535 quae
1222 3463 1275 3522 est
1286 3475 1351 3540 pen-

227 3572 289 3622 ore,
320 3549 433 3616 eodem
459 3548 533 3631 jure
562 3569 633 3614 eum
661 3569 777 3632 graeco
806 3553 987 3633 γενέσθαι,
1022 3569 1083 3631 quo
1118 3555 1268 3634 pipo-ere
1290 3572 1351 3618 eun

225 3653 406 3732 γίγνεσθαι
436 3649 615 3730 comparari
635 3655 751 3731 potest.
795 3646 997 3729 Quamquam
1023 3647 1058 3712 in
1086 3667 1147 3713 usu
1176 3649 1350 3717 breviorum

227 3745 397 3809 formarum
421 3744 533 3822 (Varro
556 3764 609 3827 ap.
632 3745 730 3811 Prisc.
753 3745 785 3809 X
806 3765 838 3827 p.
862 3747 924 3811 528
947 3744 1022 3825 (Hi,
1054 3744 1184 3810 Lucret
1212 3748 1264 3812 ΠΙ
1288 3751 1350 3825 795,

228 3841 329 3907 Varro
352 3863 375 3906 r.
392 3862 417 3905 r.
440 3841 474 3905 II
492 3845 521 3923 6,
539 3845 570 3918 3)
593 3842 673 3907 nihil
697 3849 746 3908 est
767 3840 895 3923 quoda
916 3841 1116 3924 longioribus
1139 3843 1285 3912 alienum
1306 3844 1349 3924 sit,

227 3938 288 4003 nisi
311 3937 396 4021 quod
410 3940 535 4021 ponitur
549 3939 679 4023 saepius
701 3939 735 4003 in
750 3945 1015 4006 testamentorum
1030 3938 1179 4007 formulis
1198 3942 1240 4009 de
1255 3942 1349 4007 futuro
