2828 4776
457 341 498 396 De
516 341 656 396 titulorum
672 341 823 395 ionicorum
841 340 964 396 dialecto.
1207 337 1267 401 305

139 509 376 596 Νεοτοπόριος

137 608 292 686 Χούνιος

392 531 494 682 jus,
522 565 570 636 10)

138 706 278 793 Κήφιος
302 711 365 787 (23,
392 712 442 785 14)

407 809 437 880 Ῑ)

138 803 273 888 Πύριος
296 808 359 885 (23,
386 809 399 866 1

137 899 300 985 Πρώτιος
324 904 386 983 (23,
413 907 464 977 15)

138 996 410 1152 Πρηξιπόλιος,
433 1047 485 1119 (23
525 1051 583 1122 16).

130 1094 352 1183 imponeres
488 1093 496 1127 ⁷

228 1194 404 1261 Genetivus
416 1189 598 1271 Ἰθοπὸλις,
622 1195 676 1276 qui
697 1195 731 1259 in
755 1195 846 1260 titulo
863 1195 984 1279 Thasio
1001 1199 1063 1277 (23,
1078 1200 1108 1271 7)
1124 1197 1269 1271 ooeurrit,

137 1292 229 1359 baud
257 1292 354 1357 dubie
382 1291 542 1374 lapioidae
570 1291 687 1358 mendo
716 1292 903 1358 tribuendus
933 1299 991 1375 est,
1029 1293 1082 1375 qui
1112 1315 1129 1355 ο
1153 1293 1268 1375 omisit,

136 1391 330 1475 praesertim
361 1409 433 1455 eum
460 1390 493 1454 in
525 1389 656 1471 reliquis
688 1391 949 1474 inscriptionibus
978 1391 1107 1456 Thasiis
1144 1409 1271 1474 semper

136 1489 400 1555 terminationem
424 1510 475 1563 ιος
497 1485 683 1552 habeamus.

227 1597 306 1664 Cum
328 1600 462 1680 vulgata
484 1597 645 1679 opinione,
673 1596 847 1662 seeundum
872 1611 968 1680 quam
990 1598 1085 1661 etiam
1108 1598 1141 1662 in
1165 1598 1270 1661 dob'oo

136 1697 309 1780 sinpalorir
333 1720 345 1758 ι
367 1695 408 1759 ab
423 1694 556 1759 Ionibus
578 1694 808 1760 reeentioribus
831 1703 993 1761 servatum
1016 1703 1047 1761 et
1069 1714 1140 1760 enm
1164 1697 1271 1760 termi-

136 1794 282 1860 nationis
298 1818 310 1857 ι
325 1797 522 1858 contractum
538 1799 596 1871 est,
612 1791 695 1855 tituli
703 1791 773 1857 Teii
786 1785 1045 1875 torma'rioaoipot
1061 1795 1123 1873 (13,
1139 1795 1190 1869 31)
1205 1814 1271 1858 non

137 1891 309 1957 consentit.
348 1888 427 1955 Cum
449 1896 556 1955 autem
577 1888 664 1972 apud
680 1887 878 1955 Herodotum
901 1890 1029 1957 dativus
1049 1891 1084 1956 in
1104 1897 1118 1951 ῑ
1139 1890 1194 1955 vix
1215 1889 1271 1955 ad·

138 1989 283 2053 dubitari
301 1987 412 2070 possit,
436 2006 540 2069 neque
562 1993 672 2052 eontra
693 1987 727 2051 in
743 1987 835 2051 titulo
852 1989 943 2069 Teio,
967 2009 1052 2053 anno
1068 1988 1192 2052 oireiter
1208 1991 1270 2051 470

138 2105 168 2154 a.
183 2084 259 2150 enr.
275 2085 402 2168 seripto,
420 2084 461 2150 de
475 2085 583 2149 attieis
597 2083 707 2149 formis
722 2084 855 2166 eogitari
870 2086 975 2167 libeat,
993 2085 1159 2151 varietatis
1175 2084 1270 2166 illius,
1306 2151 1309 2154 ,

139 2203 239 2266 quam
275 2182 455 2247 Herodotus
483 2183 569 2247 inter
590 2180 678 2245 Iadis
700 2179 849 2263 τρόπους
878 2183 1098 2250 interoessisse
1128 2189 1272 2265 testatur,

138 2280 314 2362 vestigium
336 2280 370 2343 in
392 2279 443 2344 bis
466 2278 574 2344 formis
596 2285 725 2343 exstare
740 2278 876 2362 videtur,
899 2281 1090 2364 praesertim
1113 2298 1184 2344 oum
1206 2281 1271 2344 iam

138 2377 229 2462 apud
250 2376 424 2442 Homerum
448 2376 575 2442 dativus
596 2376 653 2441 ille
675 2377 772 2460 vulgo
795 2377 827 2441 in
852 2392 884 2442 εῑ
905 2380 1103 2444 terminetur.

228 2515 256 2575 3.
297 2508 450 2592 Scarpiana
474 2510 506 2570 iu
522 2532 557 2574 εο
574 2508 776 2571 desinentium
798 2509 920 2575 somnae
941 2530 1006 2574 non
1029 2511 1091 2576 nisi
1113 2511 1147 2576 in
1169 2511 1270 2578 titulis

139 2608 253 2690 quinto
276 2608 405 2673 seeouio
427 2605 658 2672 recentioribus
680 2613 856 2672 occurrunt.
901 2607 1031 2674 Ionieae
1044 2608 1123 2674 illae
1142 2609 1271 2691 quidem
1357 2625 1360 2632 ·

139 2711 225 2785 sunt,
250 2703 308 2771 sed
330 2705 413 2770 inter
436 2722 470 2769 se
493 2703 624 2768 minime
646 2705 860 2769 consentiunt.
905 2706 1035 2789 Duplex
1057 2706 1143 2773 enim
1167 2713 1272 2773 exstat

138 2803 400 2891 formatio-quae
413 2802 478 2865 iam
492 2801 525 2865 in
542 2801 634 2884 epiea
649 2799 788 2866 dialecto
802 2809 947 2886 apparet.
979 2803 1143 2871 Habemus
1158 2804 1272 2868 Πλου-

139 2907 222 2986 τῆος
253 2899 306 2977 (Ο.
336 2901 362 2965 Ι.
392 2899 430 2964 G.
462 2899 606 2979 robob),
643 2902 794 2984 Πριηνῆι
823 2902 912 2982 (35),
951 2900 1009 2966 sed
1039 2904 1190 2986 Δωριέος
1220 2902 1271 2977 (in

138 2999 234 3063 titulo
257 2997 433 3080 Amorgino
455 2994 675 3063 recentissimo
698 2997 786 3078 apud
808 2997 845 3060 L.
869 2998 960 3077 Ross,
985 2997 1177 3080 Arebbolog.
1197 2998 1273 3063 Aui-

140 3104 229 3161 sbtxe
252 3096 285 3159 II
308 3117 339 3178 p.
363 3097 437 3172 645)
461 3101 493 3160 et
507 3090 674 3173 Ἀχιλλέος
701 3095 776 3169 (39).

228 3208 308 3275 Cum
336 3187 448 3275 atticis
471 3208 610 3290 denique
638 3208 876 3274 eonsentientes
906 3206 1025 3272 formas
1061 3207 1163 3273 habes
1178 3277 1179 3280 Ἴ
1196 3208 1272 3274 has:

141 3305 237 3393 ἱερέα
261 3310 338 3388 (22),
361 3305 566 3392 §repostum
593 3309 761 3388 Κοπρέως
785 3307 860 3379 (33).

229 3443 257 3500 4.
302 3437 550 3516 Femimborum,
585 3438 640 3520 qui
667 3438 697 3496 io
727 3435 915 3496 nominativo
948 3434 979 3494 iu
1009 3456 1034 3496 ω
1067 3439 1117 3519 (ῳ)
1148 3445 1270 3506 exeunt,

140 3534 259 3616 stirpes
281 3534 372 3599 initio
394 3535 428 3598 in
452 3558 507 3597 on
530 3533 657 3611 exiisse,
680 3532 719 3597 G.
743 3530 870 3596 Curtius
893 3530 1102 3612 probabiliter
1124 3532 1273 3614 exposuit

141 3632 414 3714 (Erlbuterungen
433 3630 483 3696 ed.
502 3634 530 3693 2.
547 3652 578 3714 p.
596 3635 659 3704 53).
698 3627 768 3708 Qua
783 3627 966 3692 eonieetura
980 3635 1012 3693 et
1026 3629 1216 3693 nominativi
1238 3630 1273 3694 in

141 3755 168 3814 ῳ
192 3737 225 3794 et
247 3729 420 3795 accusativi
440 3727 537 3792 ioniei
563 3727 596 3792 in
620 3732 678 3791 οῦν
711 3726 830 3810 optime
853 3724 1063 3807 explicantur.
1108 3725 1272 3791 Habemus

140 3827 343 3894 aecusativos
365 3826 440 3892 illos
467 3845 533 3890 non
555 3825 658 3890 solum
681 3822 769 3907 apud
791 3821 1005 3903 Herodotum,
1035 3840 1146 3886 verum
1176 3824 1272 3889 etiam

141 3924 174 3988 in
206 3924 306 3989 titulis
336 3921 527 4006 quibusdam
557 3921 743 4006 Smyrnaeis
778 3920 1008 3986 recentissimis
1045 3921 1120 3996 (40).
1165 3920 1272 3986 Etiam
