2828 4776
470 370 504 426 de
521 354 663 428 metathesi
679 386 786 442 graeca.
1131 368 1191 432 129

49 562 188 631 quoque
209 543 381 626 generibus
402 544 604 610 metathesim
633 544 802 628 paullatim
830 543 1043 612 increbruisse
1072 551 1103 611 et
1131 564 1192 612 usu

49 645 218 712 firmatam
241 660 313 707 esse
336 640 525 707 sumendum
549 641 615 707 erit.
744 638 746 643 ’

147 737 275 805 Deinde
307 758 372 804 non
404 759 478 804 rara
511 743 585 804 sunt
617 736 767 821 exempla
799 737 1068 821 aspirationis
1098 757 1116 805 e
1142 757 1192 805 se·

50 842 178 922 quente
201 836 330 919 syllaba
345 835 388 902 ad
402 835 651 920 praecedentem
666 835 843 900 translatae
850 837 892 916 ¹⁵),
915 836 1004 901 velut
1015 835 1049 901 in
1066 840 1192 920 θρέψω

51 955 108 1022 pro
151 930 346 1020 *τρεφ-σω,
380 931 524 999 θάσσων
552 953 610 1016 pro
639 930 816 1016 *aux-jaro,
851 931 1035 1015 θοιμάτιον
1069 955 1129 1018 pro
1151 932 1191 999 τὸ

54 1029 223 1115 ῐμαὲτιον;Ι
236 1049 319 1114 quae
340 1031 509 1096 translatio
532 1049 628 1112 quam
650 1028 745 1094 lacile
766 1027 834 1094 fieri
856 1029 1003 1112 potuerit,
1029 1031 1192 1097 neminem

54 1128 177 1212 lugiet,
211 1127 266 1211 qui
299 1127 340 1194 de
372 1129 634 1211 pronuntiatione
666 1127 880 1211 aspiratarum
903 1147 981 1214 cum·
997 1126 1105 1193 Curtio
1129 1129 1193 1204 (ut.

55 1248 81 1312 p.
95 1228 183 1302 388)
206 1226 374 1292 consentit.
418 1226 484 1290 Alii
506 1225 635 1309 quidem
658 1223 816 1304 dubitant,
843 1245 919 1289 num
942 1225 1071 1289 omnino
1093 1229 1193 1291 meta·

57 1321 162 1388 thesis
198 1322 404 1408 aspirationis
439 1323 549 1406 fuerit3
572 1341 650 1405 qua
684 1321 725 1388 de
757 1336 802 1386 re·
825 1329 890 1386 non
924 1328 972 1387 est
1004 1321 1099 1388 huius
1128 1319 1191 1386 loci

16 1481 21 1490 .
61 1420 239 1502 disputare.
282 1438 287 1444 ·

148 1516 253 1583 Etiam
274 1516 315 1584 de
338 1517 643 1584 semivocalium
661 1516 675 1600 j
700 1522 738 1582 et
760 1541 781 1579 r
802 1515 972 1581 metathesi
988 1515 1193 1598 liupatone

65 1632 115 1698 pro
142 1611 348 1699 ‚erratas-ja,
379 1621 497 1700 νεῦρον
524 1636 583 1699 pro
611 1612 773 1698 *aspro-v
803 1614 842 1678 ci.
870 1613 925 1677 lat.
956 1633 1083 1685 aeroas,
1108 1614 1191 1688 sim.)

68 1701 241 1794 dubitatur,
270 1732 341 1777 cum
370 1711 516 1798 plerique
544 1713 629 1778 hanc
651 1710 694 1776 ad
716 1709 916 1794 epenthesim
938 1711 1007 1777 sive
1036 1710 1193 1777 assimila·

71 1809 198 1888 tionem,
232 1829 315 1893 quae
343 1811 376 1875 in
406 1807 472 1876 aial
499 1829 557 1893 pro
586 1807 651 1898 iri,
683 1805 811 1884 αοαλύς
833 1828 890 1891 pro
913 1805 1019 1885 πολύς
1042 1808 1191 1885 cernitur,

74 1915 222 1972 revocent.
266 1910 372 1990 Atque
393 1908 476 1974 haec
498 1925 624 1989 quoque
651 1905 872 1970 controversia·
890 1904 933 1969 ad
961 1903 1059 1969 alium
1088 1904 1193 1969 locurn

77 2003 210 2083 pertinet.
253 2004 333 2070 Utut
354 2011 461 2071 autern
483 2004 654 2086 iudicabis,
689 2003 749 2068 hoc
778 2007 899 2067 certum
927 2010 993 2083 est,
1028 2002 1125 2068 etiam
1158 2001 1194 2065 in

79 2097 126 2161 illa
152 2101 216 2168 sice
244 2103 414 2169 metathesi
441 2103 511 2168 sive
539 2101 708 2184 epenthesi
736 2099 887 2181 cognosci
926 2096 1012 2180 quod
1043 2097 1192 2176 diximus,

10 2214 16 2221 ·
81 2192 211 2275 loquelae
238 2199 452 2266 instrumenta
480 2218 578 2283 saepe
607 2202 763 2264 maturius
798 2195 840 2261 ad
873 2196 1038 2279 proximas
1069 2195 1194 2262 litteras

83 2291 271 2370 proterendas
294 2299 494 2382 componiffi).

152 2392 217 2458 Iam
239 2413 316 2459 vero
347 2395 526 2478 quaeritur,
558 2414 634 2459 num
657 2390 771 2458 eadem
794 2391 835 2456 sit
857 2391 939 2456 ratio
963 2392 1031 2457 eius
1052 2390 1192 2473 generis,
1278 2453 1280 2458 .

85 2480 126 2547 ubi
142 2486 323 2573 liquidae
345 2498 382 2558 et
405 2491 570 2558 nasales
592 2488 844 2556 cumvicinis
860 2488 1194 2577 vocalibuscom·

84 2577 283 2679 mutantur,
311 2588 345 2654 id
368 2587 453 2673 quod
475 2589 663 2672 plerumque
685 2586 731 2653 sic
753 2585 820 2652 fieri
842 2577 1041 2667 videbimus,
1065 2592 1099 2650 ut
1122 2586 1193 2669 ipsa

84 2672 186 2758 liliuida
210 2687 265 2753 vel
297 2688 418 2754 nasalis
440 2686 633 2769 anticipetur
656 2689 688 2749 ct
709 2683 876 2767 proximae
899 2702 1060 2749 consonae
1081 2681 1194 2747 adiun-
1296 2683 1299 2689 '

82 2780 167 2851 latur.
209 2782 289 2848 (lum
318 2803 395 2851 vero
424 2804 482 2869 per
511 2803 546 2850 se
574 2783 657 2847 bene
688 2781 820 2863 cogitari
842 2781 944 2864 possit
966 2801 993 2848 e.
1015 2801 1046 2864 g.
1070 2779 1194 2866 κραδία

82 2869 178 2946 ladem
197 2881 256 2947 illa
278 2880 327 2964 vi,
361 2902 456 2965 quam
476 2880 511 2945 in
533 2878 647 2945 ceteris
670 2877 858 2943 metathesis
880 2878 1051 2960 generibus
1081 2877 1193 2944 valere

79 2963 210 3061 li(limus,
235 2998 273 3045 ac
288 2980 395 3046 subita
410 3004 428 3062 ρ
444 2978 571 3044 litterae
586 2975 816 3060 anticipatione
839 2993 858 3041 e
879 2973 1002 3057 καρδία
1024 2960 1192 3058 prodiisse,

77 3062 172 3140 limen
192 3077 253 3142 hoc
274 3076 309 3142 in
331 3094 455 3160 genere·
470 3075 607 3141 fortasse
629 3073 842 3157 principalem
860 3071 1047 3138 metathesis
1063 3090 1192 3136 causam

74 3173 127 3228 ¹¹⁰ss
153 3181 317 3241 externam
339 3172 440 3254 illam,
463 3170 577 3239 sedin
599 3172 740 3256 ipsarum
763 3168 956 3254 liquidarum
980 3174 1012 3234 ct
1034 3168 1193 3232 nasalium

76 3290 371 3334 ᾨ-

79 3457 84 3470 ,
132 3397 164 3466 ¹⁵)
182 3400 253 3456 Num
271 3399 402 3470 aspiratio
420 3412 546 3467 umquam
563 3395 707 3451 metathesi
723 3394 752 3448 in
770 3399 924 3464 sequentem
943 3390 1075 3461 syllabam
1089 3393 1194 3443 remota

69 3465 100 3527 'b
118 3481 198 3535 valdo
214 3481 347 3535 incertum
365 3483 414 3534 est.
452 3477 505 3533 Sed
522 3477 581 3531 fieri
598 3475 687 3545 potuit
702 3474 776 3531 haud
795 3474 882 3538 dubie,
901 3476 940 3535 ut,
959 3486 1020 3525 cum
1037 3469 1065 3522 in
1082 3484 1193 3538 praece·

68 3535 142 3628 dente
160 3561 265 3632 syllaba
289 3560 422 3630 aspirata,
451 3558 479 3612 in
506 3561 634 3628 sequente
659 3555 748 3611 tenuis
774 3552 936 3624 proferenda
963 3555 1049 3616 esset,
1077 3548 1194 3618 qualitas

67 3613 213 3696 httertrum
231 3646 458 3696 commutaretur:

131 3719 164 3789 ¹⁶)
183 3722 315 3779 Christius
342 3721 450 3791 ‘griech
478 3717 564 3774 luutl.'
590 3735 617 3786 p.
646 3720 678 3770 64
706 3718 804 3784 νεῦρον
831 3717 858 3767 et
884 3711 942 3766 sim.
969 3707 1004 3763 ad
1032 3707 1195 3777 liquidarum

67 3789 222 3866 lentham
247 3802 366 3867 rettulit,
393 3800 471 3872 quasi
500 3800 529 3854 in
552 3799 593 3854 his
623 3816 638 3867 ρ
665 3794 747 3851 simili
772 3793 877 3848 ratione
901 3789 1082 3862 postpositum
1115 3795 1195 3860 uque

66 3869 87 3912 ¹¹¹
102 3882 207 3952 “nodia
223 3911 259 3924 -
276 3882 376 3952 κραδία
400 3880 585 3955 praepositum
609 3883 688 3933 esset.
723 3873 801 3945 Quod
825 3889 874 3928 cur
900 3871 1011 3944 probari
1028 3887 1083 3927 non
1099 3871 1194 3941 possit,

66 3932 147 4013 fame
164 3963 333 4033 perspicitur.
944 3942 951 3965 '
1230 3968 1234 3976 ·

111 4037 245 4098 Curtius,
259 4048 353 4092 Studien
367 4047 393 4089 V·
971 4042 986 4091 9
