2828 4776
252 330 314 393 282
523 414 527 424 Ι
763 333 866 388 Ermum

337 505 520 588 Sequuntur
542 505 650 570 omnia
664 524 761 571 verse
776 511 808 572 31
830 504 933 571 131333
951 504 1145 588 diphthongi
1168 529 1199 572 ει
1220 505 1342 588 exempla,

252 623 335 686 quae
356 603 389 667 in
413 603 515 668 titulis
537 603 700 686 leguntur:

251 749 343 811 ΕΜΙ
363 751 404 827 (4,
429 749 458 827 2,
483 749 535 819 23)
834 747 946 809 nrum
965 749 1030 823 (42)

252 845 434 909 ΕΠΟΙΕΝ
451 846 495 920 (7)
838 846 1098 909 ΤΕΙΧΙΟΣΗΣ
1118 847 1184 918 (12)

253 942 387 1022 nano,
412 943 574 1006 333334)
593 944 662 1021 (43,
686 943 737 1021 23,
761 944 812 1004 43.
836 942 981 1006 durno
1004 945 1067 1022 (13,
1094 944 1123 1018 3)

296 1039 346 1118 33,
371 1040 423 1114 43)
836 1039 1010 1103 annino
1033 1041 1096 1119 (13,
1121 1041 1175 1116 53)

252 1137 509 1201 ΠΟῙΗΣΕΑΝ
527 1138 590 1216 (13,
611 1139 662 1212 311)
836 1138 1062 1199 ΔΥΝΑΜΕΙ
1081 1139 1146 1218 (13,
1174 1139 1225 1214 31)

252 1235 591 1298 HPAnAnornru
610 1234 673 1315 (rs,
697 1234 750 1308 33)
836 1234 1136 1315 enarremus,
1162 1237 1214 1308 so)

252 1332 527 1395 ΠΡΟΣΕΡΛΕΝ
545 1330 610 1412 (19)
837 1330 977 1394 ΕΙΔΩΣ
997 1334 1060 1409 (13,
1077 1333 1128 1396 21.
1153 1335 1205 1402 25)

817 1423 1087 1504 ι(ἒπ3στ]ΑΤΕΙ
1106 1431 1173 1506 (16)

253 1527 511 1589 ΣΥΚΕΕΥΣΙΝ
530 1527 594 1601 (30)
838 1527 1000 1591 ΕῙΚΟΣΙ
1019 1528 1084 1603 (16)

215 1641 216 1645 ’
256 1626 377 1686 ΦΕΥΓ
374 1626 438 1686 ΕΝ
457 1624 520 1699 (21,
544 1625 597 1698 37)
838 1623 1071 1699 ΕΠΔΕΩΣΙΝ
1090 1624 1154 1703 (21,
1174 1625 1225 1698 21)

253 1721 511 1783 nmmum
531 1722 593 1800 (21,
617 1723 670 1793 43)
838 1721 991 1784 21on
1010 1723 1073 1800 (21,
1098 1723 1150 1796 33)
1177 1757 1180 1763 -
1401 1759 1404 1793 ,

253 1819 374 1880 33344
394 1820 457 1897 (21,
481 1819 531 1878 22.
556 1819 607 1879 24.
630 1818 683 1891 42)
840 1819 1110 1898 sumnum,
1120 1820 1171 1893 29,
1184 1820 1233 1883 so.
1246 1806 1351 1897 23311

258 1917 473 1980 ΟΦΕΙΛΕΝ
492 1916 555 1986 (22,
579 1918 608 1978 9.
635 1918 682 1979 10.
709 1917 769 1988 11).
843 1917 892 1976 ΕΙ
912 1917 974 1994 (21,
992 1917 1045 1988 31)

836 2011 1048 2080 ΠΑΡΕΞΕΙ
1068 2015 1132 2093 (22,
1143 2016 1174 2085 3)

836 2111 946 2184 uest
966 2111 1030 2189 (22,
1057 2112 1106 2185 tt)

842 2207 1058 2270 oosrAnu
1077 2209 1141 2288 (22,
1165 2209 1195 2271 3.
1214 2210 1332 2282 1344).

340 2355 389 2419 Ex
411 2354 518 2419 allatis
539 2354 590 2420 his
613 2353 770 2436 exemplis
792 2359 890 2436 patet,
913 2354 1067 2436 regulam,
1091 2375 1187 2437 quam
1205 2355 1382 2439 scripturae

255 2450 431 2518 diserimini
458 2452 500 2516 uh
528 2451 620 2517 initio
650 2451 811 2518 subfuisse
831 2450 1007 2529 verisimile
1029 2459 1093 2534 est,
1121 2453 1200 2519 inde
1228 2453 1380 2536 aquino

254 2568 283 2614 a.
308 2548 381 2614 Chr.
402 2549 531 2614 soeoulo
559 2570 645 2641 non⁶
659 2555 843 2615 constanter
877 2568 948 2615 esso
976 2555 1155 2633 servatam,
1190 2558 1249 2617 aut
1275 2550 1380 2635 potius

255 2651 437 2722 constanter
451 2647 574 2712 servari
589 2667 653 2711 non
668 2647 821 2730 potuisse,
836 2652 1009 2730 propterea
1022 2645 1108 2729 quod
1122 2647 1377 2715 niversensis

255 2761 316 2825 que
354 2743 424 2808 soni
463 2749 578 2810 natura
610 2764 675 2809 uon
712 2744 920 2811 sentiebatur.
982 2745 1033 2810 Ita
1065 2746 1262 2830 explioatur,
1296 2743 1373 2830 quod

255 2840 395 2923 exempli
419 2840 525 2923 gratia
546 2861 624 2907 vera
653 2841 871 2925 diphthongus
902 2841 1024 2916 formae
1051 2839 1238 2928 ποιήσειαν
1259 2865 1319 2911 uno
1338 2845 1370 2922 Ε,

254 2936 338 3003 falsa
361 2946 474 3003 eontra
494 2939 583 3004 voois
606 2937 677 3020 εἰμί
697 2940 762 3003 ium
790 2939 824 3003 in
853 2937 1027 3004 admodum
1055 2947 1183 3007 vetusto
1211 2941 1304 3008 titulo
1323 2940 1369 3006 hii

254 3034 334 3101 lesio
363 3037 428 3114 (12)
459 3033 583 3101 duabus
608 3036 724 3102 litteris
746 3039 797 3100 ΕΙ
824 3035 993 3119 designata
1014 3043 1074 3104 est
1117 3036 1204 3116 Quid
1234 3039 1368 3123 quodie

256 3132 369 3199 eodem
398 3132 490 3197 titulo
518 3132 759 3200 Halioamassio
780 3133 876 3199 modo
898 3137 1021 3199 ΕΝΑΙ
1044 3135 1141 3201 modo
1163 3139 1318 3219 EINAI,
1341 3136 1367 3200 iu

255 3229 334 3297 Teio
366 3227 463 3295 modo
492 3233 648 3296 ΚΕΝΟΣ
672 3230 768 3296 modo
797 3233 972 3298 ΚΕΙΝΟΣ
998 3233 1151 3316 seriptum
1179 3243 1241 3301 est.
1284 3232 1369 3302 Mani·

253 3327 370 3394 festum
391 3328 488 3411 igitur
510 3337 574 3410 331,
604 3348 647 3394 ex
668 3330 739 3395 sola
760 3329 923 3395 titulorum
946 3330 1102 3413 scriptura
1122 3350 1237 3399 veram
1258 3333 1326 3400 soni
1344 3353 1369 3397 3

255 3432 402 3490 naturam
430 3445 488 3507 pro
509 3434 595 3492 oerto
617 3426 767 3508 cognosci
794 3446 861 3491 non
885 3447 990 3510 posse.
1035 3427 1256 3496 Nihilominus
1275 3429 1369 3512 negts

255 3522 396 3606 gendum
418 3543 483 3588 non
506 3530 564 3604 331,
587 3523 672 3606 quod
694 3545 760 3589 non
781 3523 877 3589 modo
901 3544 1012 3591 omnes
1027 3526 1127 3607 quinti
1142 3528 1267 3593 saeculi
1288 3523 1368 3604 tituli,

255 3638 366 3686 verum
395 3619 492 3685 etiam
518 3622 677 3688 recentior
705 3621 817 3687 titulus
840 3621 979 3687 Thasius
1007 3621 1041 3686 in
1064 3623 1203 3708 simplioi
1225 3626 1369 3708 scriptur·

255 3718 489 3783 terminationis
509 3719 658 3785 infinitivi
681 3722 745 3783 EN
770 3719 832 3785 sibi
861 3727 1019 3786 oonstant.
1064 3719 1190 3799 Quibus
1216 3719 1368 3788 informis

256 3814 368 3897 lingua
389 3815 508 3882 diutius
530 3836 624 3899 quam
647 3818 681 3881 in
712 3817 845 3899 reliquis
874 3819 1003 3884 conseia
1023 3818 1085 3884 sibi
1107 3818 1169 3884 suit
1190 3839 1291 3888 verae
1310 3814 1368 3885 soni

258 3933 289 3974 ar
309 3918 454 3977 naturae.
