2828 4776
141 342 203 405 204
623 343 791 412 Siegismund

141 522 313 606 plerasque
341 517 461 584 formas
490 537 508 582 e
536 515 645 581 radice
677 517 782 581 vocali
810 521 905 580 aucta
927 520 1014 581 ortas
1037 533 1110 580 esse
1133 521 1253 598 constet,

141 619 230 684 velut
256 618 290 682 in
319 613 473 703 ῥη-τός,
502 613 653 701 app-rog
684 615 810 680 collatis
839 611 974 698 ἒρ-έ-ω,
1004 610 1167 694 τι-τρά-ω
1198 621 1254 698 (pro

140 713 408 798 *τι-τερ-α-ωῗ).
453 712 519 777 Sed
535 712 692 777 dubitatio
714 719 868 792 movetur,
893 711 975 777 siin
998 711 1164 794 plerisque
1185 712 1256 777 radi-

141 813 239 893 oibns,
264 812 302 877 cf.
320 816 393 894 βορ,
417 814 497 894 top,
519 810 584 891 μολ
598 810 653 889 al,
675 830 804 893 prorsus
819 809 943 874 nullum
958 809 1132 891 vestigium
1146 811 1257 876 vocalis

141 909 273 976 additae
301 907 487 993 reperimus.
540 909 610 973 Nec
638 908 672 972 in
701 907 810 973 formis
833 927 852 972 e
879 905 971 972 radd.
994 906 1072 984 rot,
1097 930 1176 990 περ,
1198 931 1256 990 κερ,

142 1008 215 1086 nat,
260 1007 338 1084 καλ,
384 1028 464 1087 orep
503 1005 605 1074 ductis
647 1005 749 1070 ullum
800 1012 849 1070 est
885 1023 1049 1087 syncopae
1085 1004 1257 1088 vestigium.

142 1105 221 1171 Cum
251 1124 327 1169 vero
348 1103 527 1169 habeamus
549 1101 786 1181 ἒ-τάλ-ἇσ-σα,
817 1087 1002 1185 nea-tce,
1026 1099 1258 1186 ἒ-κέρ-ασ(σ]α,

140 1201 391 1287 ἒ-πελ-άσ-θην
414 1208 473 1266 cet.
496 1208 607 1283 aperte
629 1225 674 1280 ες,
697 1224 739 1277 ας
760 1199 882 1266 suffixis
909 1199 1099 1281 formaster),
1129 1207 1259 1266 statuen-

140 1301 217 1365 dum
240 1307 309 1366 eset
329 1301 363 1364 in
385 1297 589 1384 artata-ao,
611 1303 804 1382 πέ-πρᾶ-κα
819 1304 878 1364 oet.
902 1297 1033 1363 easdem
1056 1295 1184 1364 radices
1198 1319 1260 1381 pro·

141 1398 244 1464 ductis
272 1396 438 1461 vocalibus
467 1414 538 1460 esse
566 1403 693 1480 auctas,
722 1395 756 1460 id
785 1395 871 1478 quod
893 1395 984 1460 nulla
1007 1413 1049 1459 ex
1072 1401 1167 1476 parte
1188 1397 1260 1462 veri·

141 1496 246 1561 simile
273 1493 410 1559 videtur.
461 1494 545 1558 Nam
575 1494 747 1577 singularis
775 1493 834 1558 illa
855 1493 957 1558 forma
980 1489 1214 1575 aecta-mat
1234 1501 1260 1559 et

140 1592 204 1657 ion.
234 1588 437 1677 καλ-ή-τωρ,
467 1611 537 1655 cnm
567 1592 711 1674 alioquin
742 1610 868 1674 semper
897 1587 1135 1672 ἒ-στόρ-εσται
1157 1599 1212 1656 aut
1232 1590 1261 1656 ἕ-

142 1711 322 1772 στρω-ται,
345 1686 601 1770 κε-κάλ-εσ-μαι
622 1696 677 1753 aut
700 1689 898 1775 κέ-κλη-μαι
920 1688 1133 1771 reperiantur,
1158 1687 1200 1752 ad
1221 1694 1261 1753 to

142 1793 209 1852 tam
232 1806 299 1851 rem
323 1784 562 1851 diiudicandam
584 1787 640 1850 vix
662 1786 770 1868 magni
793 1784 995 1850 aestimanda
1017 1785 1146 1862 sunt⁸³).

226 1884 336 1949 Facile
370 1882 462 1949 vides
493 1885 611 1950 multas
644 1903 754 1949 aarum
786 1883 974 1964 formarum,
1008 1901 1091 1963 qnae
1124 1882 1262 1948 radicem

140 1987 386 2047 transmutatam
407 1982 575 2066 praebent,
597 1983 697 2046 multo
720 1980 895 2063 simplicius
912 1979 1083 2045 metathesi
1098 1980 1261 2064 explicari,

141 2079 231 2144 velut
251 2079 428 2166 τέ-τλη-κα
444 2098 484 2144 ex
502 2080 712 2157 *τε-ταλ-κα,
735 2083 951 2161 πέ-πρω-ται
967 2096 1008 2141 ex
1021 2075 1262 2163 *πε-πορ-ται,

140 2173 289 2258 ppo-roc
312 2195 352 2240 ex
375 2181 538 2259 *βορ-τος
561 2182 638 2259 oet.;
660 2175 798 2258 vestigia
818 2175 994 2258 prissanum
1015 2173 1192 2241 formarum
1207 2183 1263 2243 sta-

140 2272 197 2337 tim
226 2272 441 2340 ostendemus.
485 2277 610 2340 Tamen
638 2274 691 2338 hic
719 2292 844 2355 quoque
873 2271 1078 2338 difficultates
1105 2274 1263 2355 quaedam

141 2371 235 2435 nobis
258 2370 385 2435 obstare
408 2371 567 2436 videntur.
612 2371 815 2453 Bragmanus
838 2369 923 2435 enim
945 2369 1080 2437 fortasse
1101 2379 1191 2437 recte
1213 2372 1263 2436 du-

140 2468 265 2548 bitavit,
288 2488 365 2532 num
387 2465 604 2550 *κε-καμ-κα,
627 2466 807 2549 *repr-rog,
830 2465 1048 2549 *ὃε-δεμ-κα,
1072 2473 1262 2554 *stop—orer,

142 2564 346 2628 κι-καλ-σκω
369 2585 520 2648 umquam
540 2565 574 2630 in
592 2556 656 2631 usu
678 2565 822 2646 fuissent,
845 2584 905 2629 nec
926 2564 1043 2628 iniuria
1063 2564 1098 2628 in
1115 2555 1262 2652 calates,

141 2661 268 2746 τλαίην,
292 2661 319 2726 si
341 2662 421 2727 haee
442 2683 500 2745 pro
522 2660 699 2748 *oroi-cpe,
721 2662 838 2747 ταλιην
862 2667 978 2741 essent,
993 2698 1035 2706 -
1050 2682 1122 2727 cum
1147 2665 1264 2729 vooalie

142 2764 328 2839 sequeretur
355 2759 612 2825 —insolentem
640 2759 802 2843 quandam
830 2758 1033 2825 metathesim
1062 2762 1263 2827 statuendam

143 2875 215 2922 esse
243 2856 375 2921 monuit.
419 2857 518 2921 Nullo
548 2863 656 2922 tamen
677 2858 746 2921 iure
769 2857 826 2921 ille
848 2855 923 2919 hinc
946 2856 1102 2921 conclusit
1124 2857 1262 2941 linguam

142 2973 163 3017 a
184 2953 407 3036 primordio
430 2953 473 3018 ad
495 2973 591 3019 voees
603 2954 789 3020 formandas
803 2972 870 3018 non
885 2954 988 3017 solnm
1004 2957 1083 3035 309,
1107 2956 1182 3034 καλ,
1198 2961 1260 3020 ber

142 3056 212 3130 oet,
243 3049 420 3116 sedetiam
443 3055 522 3134 θρο,
545 3051 617 3128 uto,
640 3057 709 3115 θνα
732 3051 778 3115 uti
801 3052 952 3133 potuisse.
997 3051 1083 3115 Nam
1105 3070 1179 3116 cum
1200 3053 1261 3117 tale

142 3147 220 3229 quid
242 3167 300 3231 per
322 3167 357 3213 se
379 3167 493 3231 parum
516 3148 685 3231 probabile
707 3148 842 3230 videtur,
865 3154 931 3212 tum
954 3154 1050 3230 certa,
1073 3148 1138 3213 nisi
1161 3149 1258 3229 fallor,

143 3252 216 3310 sunt
242 3244 380 3325 indicia,
415 3244 530 3327 quibus
555 3245 630 3310 illas
663 3244 871 3311 secundarias
896 3245 1041 3310 radicum
1066 3244 1187 3313 formas
1213 3246 1260 3312 de

213 3543 243 3603 ⁸⁴)
263 3541 304 3595 Cf.
323 3540 356 3596 de
374 3541 499 3596 omnibns
512 3542 614 3609 formis,
633 3556 702 3610 quae
713 3542 768 3596 huc
780 3542 924 3610 pertinent,
942 3540 1117 3596 Leskienium
1136 3542 1258 3598 ‘Studien’

141 3622 176 3688 H,
196 3627 244 3768 13⁵5
264 3639 391 3771 squthcope
416 3717 508 3755 omnes
539 3703 589 3757 has
619 3706 814 3756 transmutatas
831 3701 940 3756 ,formas
964 3702 1135 3770 explicarunt
1158 3711 1259 3774 praeter

143 3787 247 3837 eeteros
265 3782 420 3837 Lobeclrius
437 3782 543 3836 Pathol.
561 3783 582 3849 Ι,
603 3785 651 3836 218
671 3797 737 3851 sqq,
756 3781 892 3852 Benfeyus
911 3800 933 3837 e.
944 3799 968 3850 g.
985 3783 1021 3848 II,
1043 3788 1099 3848 lll,
1118 3784 1258 3852 Fickiusp.

143 3867 201 3928 962,
219 3863 266 3916 ubi
284 3863 324 3916 de·
333 3863 471 3917 radicibus
484 3863 602 3916 alittera
619 3862 707 3916 auctis
727 3862 798 3916 dicit.
834 3863 943 3917 Vecalis
961 3863 989 3916 in
1006 3862 1049 3916 his
1067 3879 1123 3917 non
1141 3881 1192 3933 pro
1210 3864 1259 3917 ‘tle-

142 3942 324 3997 terminativa'
336 3943 429 3997 haberi
439 3943 526 4008 dohet,
545 3941 633 3996 sedin
650 3941 863 3997 formatione
880 3943 1075 3998 vocabulorum
1084 3943 1206 3999 adhibita
1214 3947 1259 3999 est.
