2828 4776
426 371 467 428 De
485 372 579 428 coristi
595 341 673 428 latini
691 373 818 443 reliquiis.
1123 371 1184 433 433

57 548 114 607 aut
137 562 249 608 omnes
277 552 333 609 aut
364 544 520 626 quasdam
548 547 676 613 acristis
698 547 822 628 graecis
850 546 1048 630 respondere
1077 548 1186 614 existi·

57 647 159 704 mant.
204 639 262 706 cui
285 641 428 725 opinioni
457 642 534 725 quid
562 650 594 710 et
621 645 655 708 in
684 644 793 710 formis
820 644 954 729 perfecti
977 644 1069 710 latini
1100 647 1186 712 etin

58 758 169 804 earum
192 759 251 804 usu
274 738 387 822 obstet,
410 759 480 804 cum
502 741 537 805 in
551 761 688 807 censura
701 742 932 825 grammaticae
948 745 1188 826 comparativae

56 836 250 920 Boppianae
279 837 442 919 (Zeitschr.
466 837 487 902 i.
512 837 541 904 d.
566 838 805 906 Alterthumsw.
832 843 911 906 1843
935 860 966 923 p.
988 839 1065 917 876)
1095 848 1127 907 et
1153 842 1188 906 in

58 934 142 999 libro
172 934 212 1000 de
239 934 346 1017 graeci
374 935 529 1018 latinique
557 936 647 1002 verbi
680 937 877 1022 temporibus
906 944 938 1002 ct
967 937 1072 1004 modis
1102 937 1188 1005 edito

57 1032 205 1116 pluribus
228 1032 440 1116 exposuerim,
469 1033 512 1099 ad
533 1035 618 1100 hanc
640 1034 770 1117 quidem
792 1035 1010 1117 quaestionem
1026 1035 1080 1100 rel
1095 1055 1189 1119 prop-

57 1136 149 1195 terea
177 1150 243 1194 uon
270 1128 430 1196 rediturus
458 1150 544 1213 sum,
574 1132 660 1214 quod
690 1139 722 1198 et
749 1133 928 1216 complures
963 1131 1049 1197 viros
1078 1131 1188 1199 doctos

57 1226 138 1292 mihi
161 1227 377 1294 assentientes
402 1229 512 1294 inveni
545 1236 576 1295 et
604 1229 787 1313 nuperrime
810 1229 1007 1296 Ludovicum
1030 1228 1188 1312 Langium

60 1322 231 1408 (Zeitsehr.
254 1323 275 1389 f.
300 1325 330 1391 d.
355 1332 464 1391 osterr.
488 1326 606 1412 Gymn.
628 1329 708 1392 1857
731 1348 762 1411 p.
781 1331 864 1401 149).
909 1326 987 1393 Cum
1010 1326 1071 1391 hoc
1093 1326 1189 1410 igitur

57 1423 128 1488 viro
152 1421 336 1488 doctissimo
357 1422 443 1489 idem
460 1443 544 1490 nunc
559 1425 659 1508 probo
682 1424 876 1508 quodannis
895 1424 1014 1490 abhinc
1029 1431 1190 1506 quattuor·

59 1520 166 1587 decim
188 1521 350 1604 proposui,
373 1521 583 1605 perfectorum
606 1523 778 1587 latinorum
800 1541 922 1605 genera
943 1521 1051 1586 omnia
1058 1569 1066 1603 ‚
1100 1522 1189 1586 nullo

59 1624 213 1700 excepto,
244 1636 315 1681 eum
339 1619 547 1701 Graecorum,
578 1619 749 1703 Indorum,
774 1620 1007 1687 Germanorum
1030 1617 1189 1702 perfectis,

59 1736 128 1781 non
151 1735 222 1780 cum
245 1714 374 1782 aoristis
396 1734 467 1782 esse
490 1717 717 1801 comparanda.

147 1812 267 1878 Verum
290 1813 383 1894 alibi,
410 1815 444 1879 ni
466 1813 576 1895 fallor,
606 1815 791 1898 quaerenda
813 1820 888 1879 sunt
916 1813 1054 1896 quaein
1076 1814 1190 1880 Roma·

66 1931 176 1976 nomm
200 1929 347 1976 sermone
369 1930 439 1976 eum
462 1911 589 1978 aoristis
610 1913 735 1995 graecis
758 1912 882 1996 possint
896 1911 1041 1976 conferri.
1076 1911 1191 1993 Inque

64 2027 140 2074 num
162 2007 299 2074 fortasse
321 2008 443 2074 formae
465 2008 644 2075 resederint
660 2029 768 2076 eorum
784 2009 972 2075 aoristorum
996 2008 1115 2074 similes
1138 2009 1191 2090 qui

62 2124 135 2186 eum
165 2105 260 2189 primi
297 2106 405 2171 vocari
442 2107 568 2173 soleant
600 2107 716 2174 rectius
743 2107 910 2191 compositi
944 2106 997 2172 rel
1034 2105 1190 2188 sigmatici

61 2203 222 2284 dicuntur,
245 2223 331 2269 nunc
353 2202 506 2286 omittam,
531 2223 570 2270 ea
591 2211 716 2270 tantum
739 2205 867 2287 curabo,
892 2222 975 2286 quae
996 2202 1039 2268 ad
1055 2204 1192 2270 alterum

62 2301 174 2367 aoristi
196 2320 312 2383 genus,
342 2301 480 2385 simplex
501 2300 583 2366 illud
606 2307 639 2368 et
660 2302 822 2385 antiquius
844 2321 952 2368 eorum
983 2300 1037 2382 qui
1060 2300 1193 2367 secundi

62 2396 213 2479 audiunt,
242 2397 401 2481 pertinere
430 2399 611 2465 videantur.
654 2399 758 2482 Hujus
785 2399 913 2483 generis
940 2397 1103 2482 proprium
1134 2405 1192 2480 est,

63 2502 102 2560 ut
123 2494 232 2560 aoristi
253 2494 375 2560 formae
396 2516 462 2562 uon
485 2497 640 2580 peculiari
668 2497 777 2580 aliqua
809 2496 962 2580 temporis
984 2503 1062 2560 nota
1089 2497 1130 2561 ab
1153 2495 1192 2561 iis

64 2591 217 2659 differant
238 2611 321 2674 quae
343 2594 526 2676 praesentis
549 2596 602 2661 vel
617 2594 794 2678 imperfecti
810 2601 893 2676 sunt,
917 2592 975 2660 sed
998 2612 1037 2659 ea
1058 2594 1130 2678 ipsa
1147 2613 1191 2676 re,

63 2688 152 2774 quod
174 2688 405 2757 additamentis
425 2691 490 2758 illis
513 2699 639 2774 carent,
670 2693 784 2775 quibus
814 2700 908 2759 aucta
930 2693 1101 2757 multorum
1124 2710 1193 2758 ver·

61 2790 178 2853 borum
200 2788 385 2871 praesentia
407 2795 439 2854 et
461 2789 647 2874 imperfecta
669 2789 831 2872 quoddam
849 2790 975 2875 pondus
991 2797 1023 2855 et
1037 2788 1194 2872 majorem

62 2885 258 2970 gravitatem
274 2883 317 2950 ad
332 2884 478 2953 durantis
492 2887 628 2953 actionis
643 2888 708 2951 vim
724 2887 1088 2954 accommodatissimam
1109 2886 1143 2950 in
1158 2905 1194 2953 se

63 2983 234 3066 recipiunt.
278 2983 328 3047 Ita
350 2984 435 3049 enim
457 2984 541 3050 inter
558 3005 593 3050 se
616 2983 769 3067 distingui
789 2982 885 3070 φύγω
906 2991 937 3049 et
953 2984 1077 3070 φεύγω,
1100 2992 1194 3051 τέκοι

65 3087 100 3146 et
120 3084 240 3161 τίκτοι,
264 3076 399 3163 βάλλειν
423 3087 454 3146 et
469 3081 594 3164 βαλεῖν,
618 3078 813 3165 γιγνώσκων
836 3087 868 3146 et
889 3081 997 3164 γνούς,
1025 3080 1192 3166 ἐλάμβανε

65 3184 100 3243 et
123 3175 223 3260 ἔλαβε
252 3198 318 3243 non
348 3184 396 3243 est
425 3178 511 3261 quod
533 3198 704 3262 exponam.
749 3177 821 3244 Jam
844 3197 922 3243 vero
951 3178 1038 3263 apud
1060 3180 1194 3245 Latinos

65 3274 101 3340 in
125 3274 316 3357 quibusdam
339 3275 447 3342 verbis
468 3275 572 3341 simile
594 3275 678 3340 inter
699 3275 863 3341 breviores
884 3274 1002 3340 formas
1033 3282 1064 3342 et
1091 3276 1194 3359 magis

66 3372 241 3456 productas
268 3373 430 3438 invenitur
452 3373 634 3439 discrimen.
679 3371 884 3456 Conpertum
914 3379 963 3439 est
990 3372 1077 3457 apud
1106 3380 1194 3439 vetu-

68 3469 184 3537 stiores
200 3471 362 3536 Romanos
382 3481 512 3555 popum,
536 3472 624 3549 rupit,
648 3471 759 3553 ottrput
781 3470 814 3534 in
830 3490 889 3535 usu
904 3470 1010 3538 fuisse.
1054 3470 1193 3549 Quorum

68 3567 149 3633 ratio
172 3588 237 3633 non
260 3568 341 3632 haec
361 3575 424 3650 est,
453 3575 487 3633 ut
508 3567 686 3651 antiquiore
708 3575 852 3651 tempore
883 3587 941 3634 eae
963 3567 1085 3634 formae
1113 3588 1196 3651 quae

68 3665 179 3731 littera
192 3665 298 3731 nasali
314 3671 424 3731 carent
439 3666 529 3731 solae
544 3671 715 3749 usurpatae
730 3664 857 3747 fuerint,
881 3672 994 3750 postea
1010 3666 1194 3749 ampliores,

69 3783 153 3845 quae
175 3769 249 3828 sunt
268 3772 418 3846 pauperat,
442 3764 548 3845 tcaput,
574 3765 721 3845 ottr‘nput‚
744 3763 778 3827 in
801 3763 981 3828 breviorum
1000 3764 1104 3829 locum
1127 3782 1195 3829 suc·

69 3859 235 3927 cesserint.
280 3860 364 3925 Nam
386 3860 491 3925 Attius
514 3868 611 3944 poeta
632 3880 662 3925 r.
682 3864 740 3925 231
767 3858 942 3944 (Ribbeck)
967 3859 1043 3926 dicit

298 3959 409 4041 Egone
431 3957 586 4040 Argivum
608 3957 776 4042 imperium
799 3954 969 4041 catapano?
