2828 4776
512 328 545 384 de
563 329 706 386 metathesi
723 335 829 400 graeca.
1168 328 1228 393 135

113 510 218 566 rra-to
240 507 294 572 (-
315 520 376 567 sor.
400 509 501 564 truria
523 500 706 579 territus)
727 501 785 566 vix
806 521 846 566 ex
867 500 977 586 indog.
994 507 1086 566 *triu
1100 504 1230 589 prodire

113 597 319 676 utuoriut¹⁹)‚
341 597 476 663 formam
498 597 722 682 primigeniam
745 603 851 678 *tara
884 598 1112 683 graeooilalam
1140 607 1230 665 *terr

113 698 199 765 uisse
230 694 436 763 statuendum
468 695 539 761 erit.
583 695 715 761 Maximi
742 695 839 779 igitur
870 696 1022 763 momenti
1053 696 1087 762 in
1120 698 1229 766 formis

113 795 261 862 rimariis
279 793 430 861 eruendis
445 794 505 858 erit
520 791 717 876 dignoscere,
734 813 815 876 quas
829 794 920 877 loges
936 793 1082 877 singulae
1096 796 1228 879 linguae

113 912 124 957 u
151 893 207 959 his
228 893 325 958 rebus
346 896 477 959 secutas
498 909 570 957 esso
590 881 771 959 rideantur.

186 991 230 1056 Ae
245 989 392 1073 primum,
415 996 450 1053 ut
465 990 616 1073 exempla
636 988 884 1078 liquidarum
906 986 1226 1072 antiuipalarum

112 1095 296 1169 peotomus,
330 1088 482 1168 elingua
503 1088 662 1154 sanserila
689 1086 842 1154 addenda
869 1092 943 1153 sunt
971 1087 1130 1169 quasdam
1158 1106 1229 1154 vor-

112 1200 213 1250 orum
241 1185 365 1250 formae
392 1183 482 1250 velut
508 1183 565 1249 inf.
595 1185 786 1264 dread-rum,
816 1184 873 1249 fut.
902 1182 1127 1267 drale-sdjdmi,
1160 1205 1227 1251 aor.

112 1281 318 1345 Arilla-odam
340 1301 361 1346 a
382 1280 450 1346 rad.
473 1281 565 1365 dorp,
594 1282 786 1366 spraud-,tum
818 1288 878 1348 oet.
906 1279 1018 1347 arad.
1050 1303 1145 1368 oparp
1172 1283 1227 1361 (al.

112 1427 114 1438 ,
132 1376 238 1464 Bopp
252 1399 387 1463 gramm.
403 1397 523 1445 sanson.
547 1384 564 1455 1
581 1383 655 1461 341,
679 1379 804 1464 Benioy
819 1379 843 1446 l.
857 1379 879 1443 1.
894 1399 926 1462 p.
943 1382 1007 1457 28).
1051 1379 1090 1446 In
1112 1380 1227 1463 quibus

112 1494 168 1541 rm
192 1477 225 1543 id
247 1475 335 1541 haud
358 1475 455 1542 dubio
477 1496 542 1541 non
564 1477 646 1542 nihil
668 1479 807 1560 valeret,
835 1476 921 1560 quod
949 1477 1088 1560 plurium
1117 1497 1228 1546 oonso·

112 1591 211 1640 rrum
233 1573 414 1640 ooniunotio
437 1571 592 1640 evitanda
613 1579 692 1656 erat,
714 1575 749 1640 in
770 1574 844 1640 aliis
866 1574 947 1641 haee
964 1569 1062 1642 eausa
1076 1596 1143 1642 non
1157 1575 1226 1655 luit,

140 1669 185 1736 im
217 1680 363 1734 ora-tarn
387 1690 408 1736 a
429 1669 498 1736 rad.
521 1691 580 1733 var·
601 1671 750 1754 vereri,
783 1693 815 1738 v.
839 1670 925 1738 Ourt.
949 1677 1027 1755 536,
1056 1669 1185 1752 orado-a
1206 1691 1227 1739 a

112 1766 160 1832 d.
189 1767 266 1851 uurg'
287 1768 330 1833 ib.
357 1773 433 1850 171,
459 1789 562 1852 comp.
585 1769 770 1854 drdphijoas
799 1769 843 1835 ad
864 1769 1005 1854 dirglrae
1026 1801 1068 1822 ε-
1091 1768 1226 1852 δολιχός

111 1909 118 1924 .
163 1871 241 1948 181,
275 1864 410 1928 dri-leue
431 1899 474 1919 =
493 1865 617 1948 χαλκός
646 1867 689 1932 ib.
716 1871 792 1948 182,
824 1867 966 1951 rari-jura
992 1867 1182 1946 (moritur)
1205 1888 1226 1934 a

111 1958 161 2026 d.
187 1984 256 2026 mur
278 1963 324 2037 (in
347 1962 423 2029 dial.
445 1963 519 2030 ved.
541 1965 677 2035 mor-atr]
701 1984 731 2028 v.
755 1964 845 2030 Fiok.
871 1968 942 2038 148)
965 1967 1008 2030 al.

182 2062 294 2144 Neque
316 2059 350 2124 in
371 2061 483 2143 lingua
497 2060 665 2126 baotriana
680 2063 830 2144 exempla
850 2060 1027 2145 praepositi
1047 2083 1066 2124 r
1090 2061 1223 2146 dosunt3

129 2154 296 2222 brun-ara
317 2176 389 2223 oum
411 2157 549 2222 banosus
572 2157 718 2239 (cibus),
741 2177 801 2223 sor.
823 2157 930 2231 blora,
953 2177 1001 2242 gr.
1024 2163 1142 2246 φέρβω
1164 2165 1224 2225 011.

111 2248 199 2322 iou.
224 2259 313 2336 136),
338 2255 426 2333 dorp,
450 2253 625 2319 drusi-aiu·
644 2274 715 2320 oum
738 2255 834 2340 darae
855 2254 975 2338 (figere)
997 2287 1039 2310 -
1061 2276 1120 2324 sor.
1143 2257 1224 2321 dard

111 2393 114 2407 ·
154 2353 202 2419 ib.
227 2356 318 2435 267),
343 2351 484 2436 irrisoriis
506 2372 578 2418 eum
600 2351 669 2419 rad.
693 2363 765 2438 lurp
788 2383 831 2404 ι·-
852 2353 970 2421 saliare
991 2352 1035 2438 (v.
1057 2353 1142 2420 iufra
1163 2360 1180 2432 1
1204 2357 1224 2419 4

139 2452 233 2534 21),
264 2451 334 2516 sim.
356 2487 399 2497 -·
420 2457 528 2515 tamen
560 2449 685 2517 rariora
719 2456 809 2532 sunl,
847 2450 999 2532 quoniam
1036 2473 1086 2514 ar·
1122 2452 1223 2518 multo

111 2551 225 2633 opius
245 2548 280 2613 in
303 2566 370 2610 ore·
392 2549 446 2613 vel
464 2568 535 2610 are·
556 2547 645 2613 abiit.

179 2647 270 2712 Inter
291 2644 419 2728 linguas
448 2663 626 2728 europaeas
655 2642 971 2729 persuasissimum
998 2652 1072 2712 sunt
1093 2645 1224 2730 linguae

110 2744 253 2826 wiese,
276 2742 311 2807 in
333 2743 449 2825 quibus
470 2743 658 2827 saepissime
681 2742 821 2826 liquidas
842 2744 1043 2826 praepositas
1062 2743 1222 2826 videmus,

113 2832 135 2898 ἰ
172 2842 404 2909 Germanorum
426 2845 458 2907 11
479 2839 644 2906 Lettorum
665 2840 796 2923 linguae
816 2839 963 2923 proximo
984 2845 1140 2926 oognatae
1162 2840 1225 2924 pri·

111 2948 212 3004 num
232 2939 411 3005 litterarum
434 2937 579 3004 ordinem
601 2938 809 3004 retinuerunt.
852 2938 901 3003 Ao
926 2938 1047 3004 dudum
1075 2939 1224 3005 observa·

110 3045 158 3098 tn
185 3043 232 3103 ost
254 3040 297 3114 (v.
320 3033 506 3102 Sehleiohor
528 3033 766 3102 ‘kirohenslav.'
787 3055 819 3118 p.
843 3038 895 3110 67)
923 3035 991 3100 11110
1020 3035 1103 3100 hano
1124 3041 1224 3102 mola·

110 3133 210 3198 esim
232 3139 387 3215 sequente
409 3151 551 3198 oonsona
568 3151 674 3216 paene
688 3137 888 3198 oonstantem
904 3138 935 3198 11
948 3132 1125 3215 legitimam
1141 3152 1222 3199 esse.

110 3265 124 3282 ·
167 3233 289 3297 sloven.
312 3229 458 3293 0111111-
470 3230 582 3295 lituan.
601 3228 701 3292 uillas
720 3264 756 3277 -
771 3234 835 3312 got.
858 3227 955 3311 vulfs,
980 3230 1102 3295 sloven.
1118 3232 1222 3293 anino

110 3348 114 3358 ·
140 3323 198 3394 lit.
221 3328 380 3390 111011-
394 3334 457 3411 got.
474 3326 564 3398 loru,
587 3328 669 3394 slov.
690 3324 791 3409 plaido]
806 3326 907 3390 —lit.
926 3323 1040 3409 pullas
1054 3360 1096 3372 -
1111 3326 1221 3395 theod.

110 3411 171 3496 lo,
195 3424 276 3492 slov.
293 3444 450 3504 01011-
464 3423 511 3490 111.
529 3422 846 3502 parrana-theod.
873 3422 951 3485 nord
980 3425 1149 3507 (porcus)
1177 3423 1223 3489 al·
1262 3430 1268 3438 '

110 3525 165 3585 111
190 3521 299 3604 vides,
335 3522 362 3587 si
392 3520 570 3603 quaeritur,
604 3526 708 3585 utrum
736 3520 770 3584 in
793 3538 909 3602 graeoo
931 3519 1040 3601 aliquo
1062 3520 1221 3586 vocabulo

165 3763 195 3829 ²²)
212 3763 323 3818 Nullum
340 3763 411 3817 euim
434 3762 584 3831 exemplum
607 3761 725 3831 reperire
750 3760 842 3830 potui,
870 3761 918 3816 ubi
943 3761 972 3816 in
996 3763 1089 3832 lingua
1114 3763 1219 3834 persica

109 3841 194 3963 galis
211 3843 328 3912 liquidae
344 3843 486 3899 metathesi
503 3841 659 3912 praeposita
683 3841 829 3910 videretur3
853 3842 930 3898 nond.
955 3858 1026 3898 ore·
1049 3857 1154 3913 semper
1178 3851 1220 3903 est

165 3939 224 3978 aa.
