2828 4776
36 199 38 203 7
144 109 203 173 160
623 112 792 182 Siegiumuud

141 280 318 370 πορφύραν,
342 281 550 369 πορφύρεος)
573 284 674 350 duxit
710 286 750 350 In
764 291 829 368 got.
844 284 973 357 brunna,
992 283 1085 367 quod
1097 292 1294 368 eognatuuu.

141 381 276 464 videtur,
300 381 468 448 seiunotim
489 383 677 448 metathesis
698 382 783 448 faeta
805 390 864 449 est.

190 483 194 492 “
227 484 278 545 45.
303 476 410 565 φρύνη
453 478 562 560 bufo,
608 477 737 566 Φρύνη,
788 479 954 565 Φρύνιχος
998 486 1058 546 oet.
1101 499 1122 545 a
1165 481 1296 546 colore

142 597 259 645 nomen
274 577 466 643 habuerunt.
499 575 700 643 Conferenda
723 584 797 642 sunt
818 598 889 643 oum
906 578 1012 644 Curtio
1034 579 1056 642 l.
1073 578 1094 641 l.
1118 578 1174 643 lat.
1187 578 1298 662 fur-

142 695 205 746 vas,
220 673 337 756 susurro
351 680 420 756 (pro
436 673 597 756 *furscum
614 682 646 741 et
667 695 725 740 sor.
742 674 903 747 (να-61666,
927 674 1034 741 theod.
1058 675 1164 748 brit-n,
1188 695 1294 759 quae

142 771 277 855 perinde
298 791 336 837 ao
358 772 517 837 voeabula
537 791 653 855 graeoa
675 770 884 855 anticipatum
906 772 1063 854 liquidam
1084 773 1217 839 babent.

228 874 278 934 46.
301 867 424 954 βροτός
465 872 653 936 mortalis
694 872 759 935 iam
804 871 928 953 antiqui
964 872 1166 953 grammatici
1201 890 1293 955 per-

141 973 317 1051 spexerunt
340 986 358 1033 e
379 966 504 1053 μορτός
536 975 639 1033 ortum
673 987 759 1051 esse3
792 969 853 1033 hoo
886 975 993 1033 autem
1026 987 1202 1052 perperam.
1226 967 1295 1034 all

141 1064 210 1130 rad.
233 1089 312 1148 μερ,
343 1084 426 1148 quae
448 1072 496 1132 est
517 1066 552 1130 in
573 1071 735 1149 μείρομαι
757 1073 827 1148 oet,
850 1066 1055 1147 rettulerunt,
1082 1067 1215 1131 v..Lob.
1236 1087 1288 1150 p.

142 1165 214 1227 499.
258 1161 365 1228 Radix
402 1164 548 1229 subioota
583 1169 631 1228 est
653 1186 720 1246 μαρ
742 1187 889 1247 -μορ,
924 1162 963 1227 of.
985 1167 1173 1247 μαρ-αίνω,
1211 1183 1288 1228 sor.

92 1295 94 1299 ι
141 1280 220 1341 mor,
245 1259 337 1325 zend.
353 1279 433 1338 mur,
456 1262 512 1326 lat.
528 1263 650 1323 morior
665 1269 724 1326 oet.
749 1260 834 1326 Ourt.
850 1282 881 1345 p.
899 1263 970 1325 310.
1014 1258 1149 1344 Βροτός
1170 1266 1291 1325 toturn

142 1356 280 1422 oonoinit
301 1377 372 1422 eum
394 1378 454 1423 ser.
477 1368 632 1440 mur-tao,
656 1358 748 1426 zend.
769 1367 922 1434 mare-ta,
955 1352 1179 1441 ἄ-μβρο-νο-ς
1201 1376 1290 1423 eun

141 1473 202 1521 ser.
225 1463 397 1534 α-νιν-ιν-ε,
432 1452 671 1539 ἀ-μβρό-σιο-ς
701 1477 772 1522 oum
801 1476 861 1521 sor.
874 1459 1090 1533 ·u·mor-tja-s
1112 1455 1217 1529 (Fiek.
1238 1475 1288 1538 p.

145 1557 229 1627 150).
273 1552 409 1618 Servata
430 1559 505 1617 sunt
520 1552 645 1637 μορτός
661 1553 748 1638 apud
761 1553 900 1638 Hesyoh.
918 1553 969 1622 (of.
986 1551 1112 1621 Gallim.
1130 1552 1169 1618 fr.
1186 1556 1283 1633 271),

141 1648 370 1733 μορτό-βατος
392 1656 488 1729 ναῦς,
511 1671 573 1732 quo
596 1651 765 1722 charontis
786 1652 884 1718 linter
904 1649 1115 1734 significatur,
1139 1649 1281 1728 ibidem,

143 1747 281 1830 donique
304 1747 478 1831 d-popr-rv
509 1748 612 1814 forma
638 1749 680 1814 ab
702 1750 864 1833 Hesyobio
893 1744 1070 1814 ἀπέθανεν
1098 1748 1281 1832 explicata,

142 1864 237 1927 quam
267 1845 450 1912 Lobeokius
478 1846 604 1911 Patbol.
628 1847 653 1928 Ι,
679 1849 716 1912 37
742 1854 924 1930 corruptam
959 1866 999 1912 ex
1031 1841 1180 1931 ἥμαρτεν
1214 1863 1283 1928 pro

140 1948 200 2007 roi
223 1942 280 2028 ζῇν
304 1940 451 2030 ἥμαρτεν
469 1946 503 2022 (i)
527 1964 597 2011 esse
625 1945 783 2027 opinatur.
828 1947 885 2010 Est
912 1943 972 2007 illa
998 1942 1101 2007 forma
1131 1941 1284 2007 denomi-

68 2086 72 2091 ·
144 2041 255 2106 nativa
276 2048 311 2105 ut
333 2039 531 2124 ἐ’-βλαστ-ον
554 2043 596 2107 al.
619 2063 649 2105 v.
672 2041 756 2106 infra
778 2063 809 2106 rr.
833 2045 874 2105 72
897 2049 929 2108 et
950 2043 969 2120 ἓ
993 2044 1022 2104 6.
1045 2048 1077 2104 n:
1101 2042 1153 2105 82.

227 2143 278 2203 47.
300 2135 424 2222 βρότος
447 2159 562 2204 eruor
583 2141 725 2222 Buggius
747 2139 813 2204 KZ.
831 2139 912 2203 XIX
929 2142 991 2205 446
1014 2132 1085 2202 oum
1106 2157 1168 2203 sor.
1189 2141 1281 2200 milr-

100 2261 118 2320 ]
143 2241 386 2301 tu-soorioret
393 2256 453 2317 ua,
477 2238 669 2321 coagulat
675 2258 718 2303 us
734 2237 912 2320 oomposuit
899 2236 1055 2301 toollatis
1070 2254 1131 2300 sor.
1147 2232 1278 2298 metr-lh

143 2334 364 2415 coagulare
386 2334 477 2399 zend
501 2339 588 2397 mort-
571 2356 627 2397 -ru
656 2354 835 2417 crassus,
839 2355 952 2496 uiquae
986 2331 1198 2416 probabiliter
1228 2327 1281 2397 ad

142 2430 282 2496 radioem
315 2430 500 2514 primariam
534 2453 604 2515 mar
635 2432 822 2498 redireta
772 2439 836 2499 stat
839 2430 1069 2515 urtho'uoq·
1101 2429 1161 2512 igit
1163 2451 1201 2495 ur
1232 2445 1281 2496 ex

142 2524 254 2589 *mar-
256 2537 321 2590 ter-s
342 2524 450 2612 *μορ-
452 2554 506 2594 το·
510 2554 527 2606 ς
548 2538 660 2595 natum
683 2551 754 2597 esse
777 2537 897 2596 oenset

165 2623 304 2688 4.76
329 2624 420 2690 Idem
443 2628 628 2711 Buggiusl
652 2629 673 2692 l
696 2626 842 2712 βρεχμός
873 2626 984 2710 prior
1006 2645 1099 2708 pars
1121 2580 1283 2708 eapitis

143 2656 214 2805 (pro
236 2720 478 2807 *etpqsppoq
500 2744 558 2790 sor.
582 2725 735 2788 mdrdlraa
758 2730 827 2808 (pro
851 2722 1039 2798 *murdlzunl
1062 2721 1278 2806 eomparavit7

142 2843 162 2900 χ
184 2841 242 2903 pro
265 2819 306 2883 dt
330 2822 534 2888 substitutum
559 2842 629 2888 esse
652 2823 776 2889 oollatis
800 2821 877 2902 δίχα
900 2828 932 2887 et
953 2841 1013 2887 sor.
1036 2819 1152 2882 dvidlud
1173 2826 1282 2884 ratim.

228 2919 279 2982 48.
302 2917 429 3002 βραδύς
451 2941 509 3002 pro
532 2917 684 3001 *μραδύς
707 2940 778 2985 oum
800 2921 923 2985 oloveu.
946 2917 1061 2997 mludd,
1085 2936 1146 2983 sor.
1165 2917 1286 2998 mpdus

144 3015 282 3080 mollio
306 3023 637 3099 cognatum'putatuq
663 3038 693 3081 v.
717 3016 802 3082 Ourt.
826 3037 857 3100 p.
882 3020 953 3081 216.
998 3015 1131 3080 Fiekius
1154 3036 1186 3097 p.
1200 3018 1284 3078 lot)

142 3113 294 3176 *mondus
327 3119 490 3196 tamquam
522 3112 630 3195 indog;
663 3114 797 3180 formam
830 3115 938 3197 affert3
973 3111 1058 3195 quod
1092 3112 1119 3177 si
1151 3118 1285 3178 reatum

142 3215 242 3292 esset,
277 3213 464 3278 metathesis
493 3232 558 3276 non
587 3211 674 3294 apud
695 3213 782 3296 ipsos
805 3212 961 3292 Graeoour,
995 3209 1054 3276 sed
1086 3208 1152 3273 iam
1185 3206 1293 3292 apud

142 3308 396 3391 Iudogermauos
411 3309 496 3375 laeta
518 3307 689 3374 videretur.
733 3308 937 3375 Metatbesim
961 3308 1045 3373 enim
1067 3306 1186 3372 faotam
1202 3323 1288 3371 esso

87 3477 91 3483 ,
142 3413 283 3488 constat,
317 3407 385 3472 sive
418 3427 489 3472 eum
523 3407 636 3471 Ebelio
665 3406 731 3470 KZ.
763 3406 824 3470 Vll
847 3409 918 3470 226Ι
940 3405 990 3483 (oi.
1020 3403 1169 3487 Ourt.1p.
1199 3404 1284 3478 304)

142 3502 284 3569 radicem
310 3505 402 3566 mord
420 3540 464 3550 -
484 3503 594 3566 smurd
620 3503 671 3579 (ef.
695 3503 786 3569 zend.
809 3503 932 3574 mered,
965 3503 1021 3567 lat.
1045 3502 1191 3583 mordeo,
1224 3519 1283 3581 gr,

144 3599 347 3685 σμερὸ-νό-ς
375 3609 466 3681 oet-l,
506 3602 574 3666 sive
598 3637 639 3646 -
662 3601 748 3683 quod
780 3601 860 3665 mibi
893 3602 996 3665 solum
1029 3604 1152 3664 reolum
1184 3595 1286 3661 vide«

144 3702 196 3761 tur
217 3733 258 3742 -
282 3698 421 3780 radicem
450 3698 542 3760 mord
568 3718 585 3763 e
614 3718 683 3759 mur
713 3698 757 3767 lin
779 3702 973 3782 μαρ-αίνειν
995 3700 1069 3774 oet.)
1093 3702 1125 3761 et
1147 3695 1292 3759 66661κ
