2828 4776
149 348 211 417 148
631 353 799 423 Siegismund

233 531 261 590 7.
285 520 458 609 κρόταφος
480 543 550 590 cum
573 526 769 591 sanseriticis
790 526 955 591 vocabulis
977 525 1083 604 losa-s
1101 533 1133 592 et
1147 526 1254 591 tortu.

148 640 231 702 quae
268 640 406 687 cavum
440 621 635 706 significant,
668 629 700 689 et
731 624 845 688 lituan.
878 623 1043 686 tamaro-e
1077 631 1163 691 recte
1196 646 1254 692 con

147 737 280 800 parasse
315 717 443 783 videtur
480 719 611 785 Fiokius
643 741 674 804 p.
699 725 739 786 38
777 721 831 794 (de
867 721 981 787 suffixo
1016 719 1101 786 Ourt.
1136 743 1167 806 p.
1191 727 1254 800 452Ι

147 815 319 897 Antiquior
350 815 453 882 forma
475 815 647 902 κόρτοφος
674 818 810 883 traditur
838 818 872 882 in
901 819 954 883 Et.
977 817 1072 900 Guel„
1096 819 1145 884 ci..
1159 820 1254 887 Miller

148 912 325 995 ‘Melanges
362 912 404 980 de
440 915 618 981 litterature
651 913 787 998 Greque'
821 936 852 998 p.
885 919 943 981 193
977 916 1095 1000 (suppl.
1127 917 1170 983 ad
1206 919 1254 984 El!

146 1031 178 1094 p.
202 1015 274 1092 541,
299 1014 362 1085 22).

233 1112 262 1174 8.
285 1106 419 1192 κρότος,
449 1113 575 1193 κρατέω
583 1159 592 1187 ,
620 1108 783 1193 κρόταλον
806 1117 865 1174 cet.
887 1109 931 1175 ad
953 1109 1061 1192 indog.
1085 1110 1155 1176 rad.
1177 1109 1254 1173 *lter

146 1204 331 1272 revocanda
354 1213 442 1287 sunt,
467 1205 554 1271 unde
576 1225 636 1271 scr.
659 1204 927 1292 tcto-lcp-rtyc-ti
946 1226 1135 1290 crepare,
1166 1209 1254 1275 lituar

145 1302 264 1380 lter-tel,
287 1301 404 1366 ltro-ti.
439 1303 477 1369 V.
500 1304 648 1368 Fielrium
671 1324 703 1387 p.
720 1308 771 1386 36,
795 1305 848 1386 qui
870 1305 972 1370 multa
995 1306 1061 1370 alia
1083 1306 1147 1371 huc
1169 1307 1254 1372 trahil

67 1485 70 1489 ¹
145 1421 228 1483 quae
251 1400 367 1467 rectius
389 1409 608 1485 segregantur.
652 1401 812 1467 Pristinae
835 1401 956 1467 formae
979 1408 1053 1467 sunt
1071 1402 1160 1486 apud
1175 1404 1253 1490 Hesy

145 1498 268 1563 chium:
291 1496 427 1583 κόρτος·
451 1496 570 1581 κρότος
577 1547 586 1576 ,
610 1510 760 1582 κορτεῖν·
783 1505 1002 1583 κροτεῖσθαι,
1025 1508 1094 1565 tum
1116 1501 1150 1565 in
1171 1520 1254 1583 versu,

148 1615 243 1678 quem
265 1595 449 1662 Meinelrius
472 1595 559 1661 Gom.
588 1595 625 1659 fr.
648 1595 709 1671 ΙΠ,
736 1599 794 1662 188
823 1588 917 1661 affert
945 1598 1084 1680 Diogen.
1109 1598 1200 1664 Prov.
1219 1599 1254 1663 lll

147 1697 203 1759 97:
236 1698 341 1778 γραῦς
377 1689 638 1780 ἀνακορτήσασα
675 1693 782 1760 πολὺν
820 1693 995 1779 κονιορτὸν
1033 1693 1178 1780 ἔγειρεν,
1216 1695 1252 1760 ul'

145 1791 310 1873 vulgatam
339 1791 528 1874 scripturam
558 1786 818 1879 ἀνακροτήοοσο
846 1799 982 1858 metrum
1010 1794 1143 1877 respuit.
1184 1793 1251 1858 Iden

145 1887 328 1955 Meinelrius
360 1887 502 1976 κόρτηοε
535 1888 570 1952 in
597 1889 748 1972 Dionysii
780 1909 875 1954 versu
908 1892 972 1973 (ap.
1003 1889 1116 1975 Steph.
1146 1892 1215 1975 Byr.
1230 1909 1249 1971 p.

145 1989 220 2064 331)
243 1986 486 2054 restituendum.
499 2005 569 2052 esse
592 1987 736 2052 coniecit.

231 2086 260 2148 3.
285 2083 435 2171 κροτώνη
458 2082 589 2149 nodus
612 2084 679 2165 qui
702 2084 824 2149 estin
852 2084 1011 2149 arboris
1041 2087 1172 2170 stirpe
1191 2084 1248 2149 Ben-

142 2182 236 2264 1eyus
259 2182 293 2246 Il
316 2187 377 2247 319
406 2181 584 2247 rectissime
613 2201 685 2244 cum
712 2182 769 2245 lat.
794 2182 948 2264 caru'lcpc
982 2184 1169 2265 composuit.
1207 2181 1247 2246 Pro

142 2278 253 2344 radice
269 2280 401 2345 Fickius
422 2301 454 2362 p.
471 2282 512 2343 36
534 2277 610 2339 lert
629 2283 759 2344 nectere
780 2278 888 2358 habet,
911 2278 998 2344 unde
1019 2287 1149 2361 praeter
1170 2286 1247 2346 cetera

59 2384 69 2399 ⁸
144 2395 204 2442 scr.
220 2375 343 2439 karra-s
365 2376 588 2442 canistrum
612 2381 644 2441 et
666 2375 781 2441 eadem
796 2374 1032 2457 significatione
1045 2398 1095 2460 gr.
1113 2376 1247 2462 κάρτολος

143 2473 356 2539 manaverint.
401 2473 567 2550 (Similiter
588 2471 753 2556 Benieyus
775 2472 796 2536 l.
820 2473 853 2550 1.)

232 2575 281 2635 10.
306 2575 430 2655 κραίνω
455 2575 504 2648 (st.
521 2573 616 2653 κραν)
638 2569 758 2652 prodiit
772 2590 791 2636 e
805 2569 874 2635 rad.
891 2595 954 2655 καρ
977 2570 990 2634 1
996 2591 1115 2637 acere
1122 2620 1131 2653 ‚
1154 2570 1190 2636 ef.
1208 2585 1247 2634 ser·

144 2665 276 2738 tar-ou,
300 2666 444 2730 lar-moa
466 2667 643 2748 lacinus,
666 2668 723 2732 lat.
746 2688 864 2740 cer-us,
891 2671 1011 2741 Cer-es,
1035 2668 1150 2734 lituan.
1171 2657 1248 2730 leur-il

143 2763 391 2848 aedificare,
426 2764 512 2830 Ourt.
548 2786 579 2848 p.
612 2768 681 2830 147.
726 2762 874 2849 Κρόνος,
911 2764 996 2846 quod
1030 2765 1158 2831 Curtius
1187 2754 1249 2828 laud

102 2889 112 2907 .
145 2861 240 2928 dubie
268 2871 354 2929 recte
386 2865 448 2928 hue
480 2861 589 2928 retulit
622 2866 655 2925 et
687 2879 758 2925 cum
791 2882 850 2927 ser.
885 2862 1036 2943 torono-e
1067 2857 1248 2948 comparavit

59 2993 61 2998 ·
144 2958 258 3025 eodem
279 2961 375 3026 modo
397 2961 568 3027 formatum
589 2958 718 3024 videtur
740 2979 779 3024 ac
802 2962 957 3046 κρά-νο-(ς
980 2980 998 3027 ο
1021 2968 1060 3026 st.
1083 2986 1175 3046 καρ,
1195 2949 1249 3023 nli

143 3080 218 3134 νο-ς
241 3078 260 3124 e
281 3058 339 3122 καλ
362 3060 459 3138 (κτλ),
482 3079 511 3123 v.
535 3080 567 3123 n.
592 3061 643 3132 59,
666 3056 708 3120 al.
753 3056 791 3120 ln
818 3062 939 3140 κρείων
968 3057 1103 3142 (κρέων)
1134 3050 1248 3125 simtu

141 3157 294 3239 graecoit.
318 3162 357 3222 st.
380 3154 512 3240 *lero-jo
535 3161 577 3233 (v.
601 3173 698 3237 supra
720 3155 740 3231 §
763 3156 794 3230 3)
818 3155 1005 3222 metathesis
1027 3155 1114 3222 facta
1139 3154 1247 3224 videtu

143 3255 219 3319 dum
234 3255 259 3339 j
277 3255 384 3320 littera
406 3254 533 3336 integra
555 3252 756 3317 servabatur.

230 3356 279 3415 11.
304 3349 442 3434 κράνος,
478 3347 618 3433 κράνεια
650 3348 853 3414 metathesim
886 3368 984 3432 passa
1016 3367 1089 3413 esse
1124 3349 1188 3414 solo
1210 3342 1248 3408 lat·

143 3468 257 3524 comus
290 3453 475 3532 comparato
507 3446 637 3529 probari
670 3444 797 3527 nequit3
832 3466 931 3528 quare
963 3445 1159 3512 Dietriohius
1187 3433 1248 3527 pl

142 3627 225 3681 semel
243 3627 378 3695 reperitur
394 3641 438 3695 ap.
457 3626 593 3680 Simmiam
611 3624 708 3688 nucu,
727 3644 750 3680 v.
770 3626 856 3680 Bekk.
876 3625 979 3680 Aneed.
996 3642 1023 3694 p.
1046 3629 1120 3679 1181.
1132 3623 1248 3678 -Notm

144 3711 194 3773 est,
212 3723 293 3776 quam
310 3722 437 3776 perverse
455 3706 489 3760 de
506 3707 587 3760 variis
605 3707 647 3760 his
665 3705 759 3760 formis
778 3705 926 3760 iudicatum
944 3706 989 3772 sit,
1008 3721 1069 3759 oum
1088 3711 1124 3760 st.
1134 3693 1249 3756 KAPHAP

142 3786 200 3840 sim.
224 3791 416 3842 statuerentur.
450 3787 508 3842 Nec
532 3787 678 3841 Kuhncrue
701 3801 741 3854 gr.
766 3791 815 3840 356
840 3786 984 3855 quidquam
1008 3785 1043 3839 ad
1068 3784 1248 3854 explicationem

141 3867 249 3920 illarum
275 3867 379 3932 attulit,
406 3867 462 3920 Leo
488 3866 581 3935 Meyer
604 3881 666 3920 vero
693 3865 760 3933 ‘Vgl
779 3867 830 3934 gr.’
848 3865 883 3931 ΙΙ,
901 3869 951 3919 219
978 3881 1121 3935 perperam
1146 3867 1204 3932 κάρη
1222 3865 1246 3907 0¹

143 3948 274 4016 *capara
293 3953 382 4001 ortum
400 3946 523 4015 putavit'
