2828 4776
562 337 595 392 de
613 338 755 394 metathesi
771 353 877 406 graeca.
1223 336 1281 398 125

173 512 263 579 hibere
298 510 495 594 potuissent,
533 510 747 594 explicavitb.
805 509 848 574 At
885 517 1031 576 vero·
1060 518 1095 576 ut
1132 516 1284 598 exempla

175 611 422 695 praetermittam,
456 607 511 674 ubi
539 613 663 673 mutata
690 607 869 674 litterarum
899 608 1066 674 collocatio
1094 630 1160 675 non
1184 620 1285 680 meta·

175 706 237 774 thesi
256 706 315 773 sed
337 726 376 773 eo
402 704 598 789 explicanda
626 711 690 787 est,
725 704 811 786 quod
840 723 881 770 ex
908 726 974 771 una
1002 706 1104 773 lorma
1132 709 1285 790 primaria

175 805 225 869 alia
247 803 416 871 affectione
438 803 523 870 duae
544 802 666 870 formae
688 801 906 887 prodromum)
929 841 970 850 —
993 805 1058 870 tale
1088 804 1166 886 quid
1193 809 1282 876 nullo

175 900 248 967 molo
276 902 407 985 probari
435 907 542 985 potest
563 905 596 967 et
617 920 658 967 ex
679 919 783 967 rerum
806 905 922 965 natura
943 901 1011 966 veri
1034 901 1283 971 dissimillimum

175 1004 246 1065 essu
302 997 383 1064 Cum
419 1005 526 1065 autem
557 1016 584 1063 e.
606 1017 637 1080 g.
668 995 791 1081 ὁρατός
828 1016 869 1063 ex
908 996 1079 1082 ὄαρ-τό-ς,
1119 998 1283 1087 ὃρίφοςθ
1394 1014 1396 1027 “

177 1093 311 1181 ὁί-φρ-ος
336 1120 354 1179 ρ
377 1095 575 1179 transposito
598 1094 756 1178 prodiisse
779 1095 813 1159 in
835 1102 947 1178 aperto
969 1096 1026 1179 sit,
1056 1103 1123 1161 tum
1146 1098 1179 1163 in
1208 1100 1282 1167 aliis

155 1198 240 1257 „uuo
259 1192 398 1276 quodam
419 1193 600 1277 linguarum
631 1211 790 1258 consensu
821 1190 971 1258 docemur
999 1193 1040 1257 ab
1073 1214 1150 1260 una
1180 1196 1282 1264 forma
1356 1212 1359 1219 ·

176 1295 240 1355 certo
259 1291 437 1357 litterarum
460 1290 573 1357 ordine
595 1291 767 1356 constituta
790 1308 861 1355 esse
884 1288 1157 1373 proficiscendum.

238 1390 397 1457 Tenemus
419 1389 530 1472 igitur,
561 1388 647 1471 quod
670 1388 768 1470 vulgo
797 1384 951 1470 creditur,
982 1391 1281 1458 transmutationem

175 1481 328 1552 litterarum
350 1485 419 1553 fieri
437 1486 580 1569 potuisse
595 1491 628 1551 ct
643 1484 848 1568 phoncticam
864 1504 934 1551 csse
950 1485 1162 1570 affectionem,
1185 1508 1281 1571 quam

175 1581 337 1649 enitendum
371 1590 420 1650 est
452 1590 486 1648 ut
514 1589 679 1664 tamquam
701 1583 831 1648 auribus
853 1583 1068 1667 percipiamus
1090 1589 1123 1649 et
1145 1585 1283 1653 Graeco·

174 1697 227 1744 rum
244 1680 397 1764 loquendi
418 1679 650 1747 consuetudine
672 1681 845 1746 obseruata
866 1682 1103 1764 intellegamus.
1148 1683 1195 1749 Ac
1217 1685 1282 1750 iam

174 1772 365 1846 Buttmannus
395 1779 417 1844 l.
440 1779 462 1843 l.
492 1785 580 1845 recte
612 1776 870 1845 commoditatem
900 1778 1054 1860 loquendi
1081 1785 1113 1845 ct
1142 1801 1282 1864 pronun-

174 1871 252 1941 tiandi
272 1875 461 1943 facilitatem
483 1896 550 1941 non
564 1873 645 1939 nihil
661 1874 705 1940 ad
719 1875 923 1942 metathesim
939 1876 1081 1942 valuisse
1097 1876 1282 1945 observavit

173 1967 279 2054 eiusque
301 1973 348 2040 rei
371 1975 554 2057 exemplum
578 1970 720 2055 ἔδρακον
737 1973 854 2050 attulit,¹
877 1971 1011 2037 formam
1034 1992 1105 2038 cum
1127 1974 1282 2042 leviorem

172 2069 222 2132 lum
248 2071 456 2154 pronuntiatu
488 2070 665 2136 faciliorem
698 2090 794 2152 quarn
830 2066 982 2151 ἐ’ὁαρκον.
1033 2070 1075 2135 nt
1108 2070 1174 2135 alia
1206 2079 1281 2139 sunt

172 2168 300 2252 exempla
328 2168 374 2234 ita
402 2174 604 2252 comparata,
633 2173 669 2231 ut
694 2165 866 2233 metathesi
888 2166 985 2232 etiam
1006 2166 1185 2233 litterarum
1208 2190 1282 2236 con·

170 2255 328 2332 inruptiones
360 2266 490 2331 omnino
523 2265 745 2332 intolerabiles
775 2263 913 2330 evitatas
942 2282 1013 2330 csse
1043 2273 1201 2347 appareat
1230 2268 1279 2346 (cf.

167 2352 272 2444 illua&
295 2365 336 2439 8).
386 2364 512 2429 Tamen
538 2362 631 2428 illam
660 2382 790 2428 oausam
818 2380 883 2428 non
912 2358 955 2425 ad
982 2364 1282 2432 transmutationem

167 2459 377 2542 explicandam
414 2459 558 2527 sufficere
596 2460 689 2527 facilc
723 2466 772 2526 est
804 2458 980 2524 intellectu.
1025 2455 1117 2536 Quod
1150 2466 1185 2525 ut
1217 2482 1281 2528 uno

163 2554 264 2626 ultum
285 2558 436 2643 exemplo
455 2557 699 2641 demonstretur,
723 2557 784 2623 hoc
806 2555 916 2623 affero.
961 2555 1041 2622 Cum
1063 2557 1166 2623 multa
1188 2579 1282 2628 voca·

162 2640 229 2720 bula
247 2674 365 2740 graeca
388 2677 437 2722 σπ
458 2662 491 2722 et
513 2678 554 2722 σκ
577 2655 612 2720 in
634 2655 739 2721 fronte
761 2655 920 2736 habeant,
954 2673 1084 2737 prorsus
1107 2675 1172 2721 non
1195 2677 1281 2726 asse-

157 2749 283 2836 numm,
309 2773 374 2836 qua
396 2752 577 2836 euphoniae
598 2753 672 2835 lege
694 2772 721 2820 e.
743 2773 774 2836 g.
799 2750 968 2830 σπέλλιον,
992 2755 1116 2837 culpor
1139 2753 1173 2818 in
1196 2755 1282 2838 ψέλ-

152 2834 238 2929 λιον,
272 2852 373 2938 ξίφος
405 2856 529 2916 mutma
561 2849 663 2928 sint⁰t
708 2850 795 2916 Sane
824 2847 1065 2916 concedendum
1094 2856 1142 2916 est
1171 2853 1280 2935 aliquo

146 3005 455 3040 χέ--ῇ-

152 3195 161 3210 ,
218 3135 239 3199 7t
256 3134 336 3203 Quod
352 3134 489 3192 Homerus,
505 3140 532 3190 et
550 3135 597 3204 qui
614 3135 671 3190 cius
691 3148 840 3190 sermonem
857 3134 954 3190 imitati
980 3140 1044 3191 sunt
1067 3136 1139 3190 ultra
1162 3137 1279 3204 vulgaris

141 3192 257 3288 {lugneo
274 3214 498 3271 consuetudinem
515 3215 567 3270 hac
585 3215 614 3270 in
632 3231 661 3270 re
679 3216 867 3282 excesserunt,
894 3215 921 3270 id
945 3216 1012 3272 alias
1036 3217 1155 3271 rationes
1178 3216 1280 3271 habere

140 3286 224 3346 ¹¹1fra
244 3294 396 3364 apparebit.
421 3295 462 3348 ef.
481 3300 505 3361 ς’.
525 3302 564 3349 6.-
584 3296 767 3350 Buttmannus
793 3311 856 3350 vero
884 3296 991 3351 omnino
1019 3296 1198 3365 antiquiorem
1224 3311 1279 3351 ser·

139 3369 254 3428 m(aurern
271 3374 467 3443 quodammodo
484 3374 632 3431 fluctuasse
649 3376 766 3445 putabat
783 3377 829 3442 (cf.
849 3376 924 3431 Curt.
942 3393 969 3446 p.
991 3381 1039 3443 17).

221 3454 239 3520 ⁸)
256 3454 336 3510 cauit
352 3456 406 3510 hcc
423 3455 451 3510 in
469 3469 501 3511 ea
519 3457 664 3524 vocabula,
691 3458 720 3511 in
744 3455 842 3525 quibus
860 3456 893 3511 de
911 3471 1030 3528 syncope
1048 3456 1162 3526 cogitari
1175 3460 1278 3534 potest,

139 3524 225 3585 Vfllut
238 3535 261 3589 sl
277 3535 325 3603 qui
342 3533 481 3605 πατράσιν
498 3552 554 3592 non
572 3553 605 3592 ex
623 3540 801 3605 *παταρ-σιν,
822 3536 870 3591 sed
885 3552 918 3593 ex
930 3539 1134 3606 *πατερ-ασσιν
1144 3537 1280 3592 duxerunt

142 3599 200 3661 (οἱ
217 3616 238 3679 b.
256 3620 271 3670 6
288 3632 315 3670 n.
335 3620 386 3681 76).
421 3616 542 3686 Itemque
560 3617 731 3686 aspirationis
749 3617 906 3671 metathesis
925 3633 994 3686 quac
1011 3617 1126 3684 videtur,
1144 3634 1278 3674 nonnum·

144 3693 233 3748 luam
255 3697 345 3765 potius
371 3696 411 3751 ita
437 3698 598 3766 exphcanda
624 3703 679 3764 est,
712 3702 742 3750 ut
767 3696 892 3767 primitus
919 3695 988 3752 duae
1015 3697 1151 3765 aspiratae
1169 3698 1278 3766 tuerint,

145 3772 264 3829 tuarum
280 3775 378 3832 demde
394 3776 480 3832 altera
498 3781 560 3832 utra
577 3778 606 3832 in
623 3782 732 3833 munem
748 3777 824 3838 abiit.

178 3921 188 3935 ·
223 3852 240 3920 ⁹)
256 3856 388 3910 Σπέλλιον
410 3857 591 3926 antiquiorem
613 3858 727 3914 formam
750 3872 810 3912 esse
833 3871 867 3911 ex
891 3855 1014 3933 aliorum,
1032 3857 1215 3927 exemplorum
1241 3857 1279 3914 si·

147 3925 299 3991 ¹¹¹llltusline
317 3936 519 4003 concludimus,
543 3937 732 4006 cidonitae,
753 3938 789 4006 pe
809 3954 863 4009 ,pro
883 3938 962 4009 σφίν,
983 3939 1043 4010 apl,
1063 3935 1159 4006 ψύιτω
1178 3966 1213 3988 =
1230 3937 1277 3994 lat.
