<?xml version="1.0" encoding="UTF-8"?>
<!DOCTYPE html PUBLIC "-//W3C//DTD XHTML 1.0 Transitional//EN"
    "http://www.w3.org/TR/xhtml1/DTD/xhtml1-transitional.dtd">
<html xmlns="http://www.w3.org/1999/xhtml" xml:lang="en" lang="en">
 <head>
  <title>
</title>
<meta http-equiv="Content-Type" content="text/html;charset=utf-8" />
  <meta name='ocr-system' content='tesseract 3.04.00' />
  <meta name='ocr-capabilities' content='ocr_page ocr_carea ocr_par ocr_line ocrx_word'/>
</head>
<body>
  <div class='ocr_page' id='page_1' title='image "./studienzurgriec02curtgoog/studienzurgriec02curtgoog_0200.png"; bbox 0 0 2828 4776; ppageno 0'>
   <div class='ocr_carea' id='block_1_1' title="bbox 545 343 860 410">
    <p class='ocr_par' dir='ltr' id='par_1_1' title="bbox 545 343 860 410">
     <span class='ocr_line' id='line_1_1' title="bbox 545 343 860 410; baseline -0.006 -13"><span class='ocrx_word' id='word_1_1' title='bbox 545 343 577 397; x_wconf 90' lang='lat' dir='ltr'><strong>de</strong></span> <span class='ocrx_word' id='word_1_2' title='bbox 596 344 738 398; x_wconf 73' lang='lat' dir='ltr'><strong>metathesi</strong></span> <span class='ocrx_word' id='word_1_3' title='bbox 755 358 860 410; x_wconf 80' lang='lat' dir='ltr'><strong>graeca.</strong></span> 
     </span>
    </p>
   </div>
   <div class='ocr_carea' id='block_1_2' title="bbox 505 567 891 779">
    <p class='ocr_par' dir='ltr' id='par_1_2' title="bbox 505 567 891 779">
     <span class='ocr_line' id='line_1_2' title="bbox 505 567 891 633; baseline 0.003 -3"><span class='ocrx_word' id='word_1_4' title='bbox 505 567 565 631; x_wconf 92' lang='grc' dir='ltr'><strong>ΙΙΙ.</strong></span> <span class='ocrx_word' id='word_1_5' title='bbox 588 568 643 631; x_wconf 91' lang='lat' dir='ltr'><strong>De</strong></span> <span class='ocrx_word' id='word_1_6' title='bbox 666 568 891 633; x_wconf 85' lang='lat' dir='ltr'><strong>nasalibus.</strong></span> 
     </span>
     <span class='ocr_line' id='line_1_3' title="bbox 656 706 781 779; baseline 0.04 -13"><span class='ocrx_word' id='word_1_7' title='bbox 656 710 673 779; x_wconf 60' lang='grc' dir='ltr'><strong>ς’</strong></span> <span class='ocrx_word' id='word_1_8' title='bbox 704 706 732 766; x_wconf 78' lang='grc'><strong>9.</strong></span> <span class='ocrx_word' id='word_1_9' title='bbox 778 765 781 771; x_wconf 88' lang='grc'>.</span> 
     </span>
    </p>
   </div>
   <div class='ocr_carea' id='block_1_3' title="bbox 121 855 1340 2110">
    <p class='ocr_par' dir='ltr' id='par_1_3' title="bbox 121 855 1340 2110">
     <span class='ocr_line' id='line_1_4' title="bbox 218 855 1340 938; baseline -0.002 -17"><span class='ocrx_word' id='word_1_10' title='bbox 218 857 357 922; x_wconf 83' lang='lat' dir='ltr'><strong>Nosales</strong></span> <span class='ocrx_word' id='word_1_11' title='bbox 387 876 457 920; x_wconf 91' lang='lat' dir='ltr'><strong>cum</strong></span> <span class='ocrx_word' id='word_1_12' title='bbox 491 855 605 920; x_wconf 89' lang='lat' dir='ltr'><strong>vicinis</strong></span> <span class='ocrx_word' id='word_1_13' title='bbox 637 855 802 920; x_wconf 87' lang='lat' dir='ltr'><strong>vocalibus</strong></span> <span class='ocrx_word' id='word_1_14' title='bbox 835 875 937 937; x_wconf 90' lang='lat' dir='ltr'><strong>aeque</strong></span> <span class='ocrx_word' id='word_1_15' title='bbox 970 876 1007 920; x_wconf 87' lang='lat' dir='ltr'><strong>ac</strong></span> <span class='ocrx_word' id='word_1_16' title='bbox 1040 855 1182 938; x_wconf 81' lang='lat' dir='ltr'>liquidae</span> <span class='ocrx_word' id='word_1_17' title='bbox 1214 856 1259 920; x_wconf 86' lang='lat' dir='ltr'><strong>ita</strong></span> <span class='ocrx_word' id='word_1_18' title='bbox 1337 883 1340 893; x_wconf 49' lang='lat'>¹</span> 
     </span>
     <span class='ocr_line' id='line_1_5' title="bbox 121 954 1258 1036; baseline -0.002 -18"><span class='ocrx_word' id='word_1_19' title='bbox 121 960 394 1036; x_wconf 78' lang='lat' dir='ltr'><strong>transmutantur,</strong></span> <span class='ocrx_word' id='word_1_20' title='bbox 417 960 451 1017; x_wconf 92' lang='lat' dir='ltr'><strong>ut</strong></span> <span class='ocrx_word' id='word_1_21' title='bbox 466 954 556 1036; x_wconf 82' lang='lat' dir='ltr'>ipsae</span> <span class='ocrx_word' id='word_1_22' title='bbox 572 959 825 1036; x_wconf 81' lang='lat' dir='ltr'><strong>praeponantur3</strong></span> <span class='ocrx_word' id='word_1_23' title='bbox 844 954 1039 1035; x_wconf 84' lang='lat' dir='ltr'><strong>postpositas</strong></span> <span class='ocrx_word' id='word_1_24' title='bbox 1054 954 1109 1018; x_wconf 84' lang='lat' dir='ltr'><strong>vix</strong></span> <span class='ocrx_word' id='word_1_25' title='bbox 1125 974 1258 1035; x_wconf 88' lang='lat' dir='ltr'><strong>usquam</strong></span> 
     </span>
     <span class='ocr_line' id='line_1_6' title="bbox 121 1050 1259 1133; baseline 0 -18"><span class='ocrx_word' id='word_1_26' title='bbox 121 1052 307 1116; x_wconf 88' lang='lat' dir='ltr'><strong>inveneris.</strong></span> <span class='ocrx_word' id='word_1_27' title='bbox 353 1050 430 1116; x_wconf 80' lang='lat' dir='ltr'><strong>Cum</strong></span> <span class='ocrx_word' id='word_1_28' title='bbox 454 1070 529 1115; x_wconf 90' lang='lat' dir='ltr'><strong>vero</strong></span> <span class='ocrx_word' id='word_1_29' title='bbox 552 1050 594 1115; x_wconf 86' lang='lat' dir='ltr'><strong>ad</strong></span> <span class='ocrx_word' id='word_1_30' title='bbox 617 1058 763 1116; x_wconf 85' lang='lat' dir='ltr'><strong>naturam</strong></span> <span class='ocrx_word' id='word_1_31' title='bbox 787 1070 1012 1132; x_wconf 86' lang='lat' dir='ltr'><strong>consonarum,</strong></span> <span class='ocrx_word' id='word_1_32' title='bbox 1046 1071 1128 1133; x_wconf 85' lang='lat' dir='ltr'><strong>quac</strong></span> <span class='ocrx_word' id='word_1_33' title='bbox 1150 1071 1259 1116; x_wconf 91' lang='lat' dir='ltr'><strong>secun·</strong></span> 
     </span>
     <span class='ocr_line' id='line_1_7' title="bbox 121 1147 1259 1232; baseline 0.001 -18"><span class='ocrx_word' id='word_1_34' title='bbox 121 1157 192 1229; x_wconf 88' lang='lat' dir='ltr'><strong>tur,</strong></span> <span class='ocrx_word' id='word_1_35' title='bbox 217 1147 451 1214; x_wconf 86' lang='lat' dir='ltr'><strong>accommodari</strong></span> <span class='ocrx_word' id='word_1_36' title='bbox 474 1155 505 1212; x_wconf 91' lang='lat' dir='ltr'><strong>et</strong></span> <span class='ocrx_word' id='word_1_37' title='bbox 527 1150 626 1214; x_wconf 81' lang='lat' dir='ltr'><strong>artius</strong></span> <span class='ocrx_word' id='word_1_38' title='bbox 650 1170 721 1214; x_wconf 92' lang='lat' dir='ltr'><strong>cum</strong></span> <span class='ocrx_word' id='word_1_39' title='bbox 744 1149 790 1214; x_wconf 94' lang='lat' dir='ltr'><strong>eis</strong></span> <span class='ocrx_word' id='word_1_40' title='bbox 813 1147 962 1230; x_wconf 79' lang='lat' dir='ltr'><strong>coniungi</strong></span> <span class='ocrx_word' id='word_1_41' title='bbox 978 1150 1113 1230; x_wconf 78' lang='lat' dir='ltr'><strong>soleant,</strong></span> <span class='ocrx_word' id='word_1_42' title='bbox 1130 1169 1259 1232; x_wconf 86' lang='lat' dir='ltr'><strong>praece-</strong></span> 
     </span>
     <span class='ocr_line' id='line_1_8' title="bbox 122 1245 1260 1331; baseline 0.001 -21"><span class='ocrx_word' id='word_1_43' title='bbox 122 1245 286 1313; x_wconf 87' lang='lat' dir='ltr'><strong>dentibus</strong></span> <span class='ocrx_word' id='word_1_44' title='bbox 308 1251 415 1311; x_wconf 87' lang='lat' dir='ltr'><strong>autem</strong></span> <span class='ocrx_word' id='word_1_45' title='bbox 438 1247 585 1311; x_wconf 79' lang='lat' dir='ltr'><strong>consonis</strong></span> <span class='ocrx_word' id='word_1_46' title='bbox 608 1246 641 1310; x_wconf 90' lang='lat' dir='ltr'><strong>in</strong></span> <span class='ocrx_word' id='word_1_47' title='bbox 664 1246 890 1311; x_wconf 87' lang='lat' dir='ltr'><strong>vocabulorum</strong></span> <span class='ocrx_word' id='word_1_48' title='bbox 913 1245 1012 1309; x_wconf 89' lang='lat' dir='ltr'><strong>initiis</strong></span> <span class='ocrx_word' id='word_1_49' title='bbox 1041 1265 1106 1309; x_wconf 89' lang='lat' dir='ltr'><strong>nou</strong></span> <span class='ocrx_word' id='word_1_50' title='bbox 1135 1267 1260 1331; x_wconf 87' lang='lat' dir='ltr'><strong>semper</strong></span> 
     </span>
     <span class='ocr_line' id='line_1_9' title="bbox 121 1332 1259 1427; baseline -0.002 -19"><span class='ocrx_word' id='word_1_51' title='bbox 121 1343 229 1408; x_wconf 82' lang='lat' dir='ltr'><strong>facile</strong></span> <span class='ocrx_word' id='word_1_52' title='bbox 252 1343 384 1425; x_wconf 82' lang='lat' dir='ltr'><strong>adiungi</strong></span> <span class='ocrx_word' id='word_1_53' title='bbox 407 1349 438 1407; x_wconf 93' lang='lat' dir='ltr'><strong>et</strong></span> <span class='ocrx_word' id='word_1_54' title='bbox 460 1342 616 1427; x_wconf 87' lang='lat' dir='ltr'><strong>applicari</strong></span> <span class='ocrx_word' id='word_1_55' title='bbox 638 1343 771 1426; x_wconf 84' lang='lat' dir='ltr'><strong>possint,</strong></span> <span class='ocrx_word' id='word_1_56' title='bbox 797 1363 862 1406; x_wconf 90' lang='lat' dir='ltr'><strong>non</strong></span> <span class='ocrx_word' id='word_1_57' title='bbox 884 1332 1064 1414; x_wconf 85' lang='lat' dir='ltr'><strong>mirandum</strong></span> <span class='ocrx_word' id='word_1_58' title='bbox 1088 1350 1150 1424; x_wconf 90' lang='lat' dir='ltr'><strong>est,</strong></span> <span class='ocrx_word' id='word_1_59' title='bbox 1175 1342 1259 1426; x_wconf 90' lang='lat' dir='ltr'><strong>quod</strong></span> 
     </span>
     <span class='ocr_line' id='line_1_10' title="bbox 121 1428 1260 1523; baseline 0.001 -18"><span class='ocrx_word' id='word_1_60' title='bbox 121 1442 246 1523; x_wconf 83' lang='lat' dir='ltr'><strong>lingua</strong></span> <span class='ocrx_word' id='word_1_61' title='bbox 273 1460 389 1523; x_wconf 84' lang='lat' dir='ltr'><strong>graeca</strong></span> <span class='ocrx_word' id='word_1_62' title='bbox 411 1440 637 1506; x_wconf 89' lang='lat' dir='ltr'><strong>multominus</strong></span> <span class='ocrx_word' id='word_1_63' title='bbox 659 1428 690 1504; x_wconf 87' lang='lat' dir='ltr'><strong>in</strong></span> <span class='ocrx_word' id='word_1_64' title='bbox 713 1441 871 1505; x_wconf 87' lang='lat' dir='ltr'><strong>nasalium</strong></span> <span class='ocrx_word' id='word_1_65' title='bbox 894 1460 989 1521; x_wconf 90' lang='lat' dir='ltr'><strong>quam</strong></span> <span class='ocrx_word' id='word_1_66' title='bbox 1011 1440 1044 1504; x_wconf 90' lang='lat' dir='ltr'><strong>in</strong></span> <span class='ocrx_word' id='word_1_67' title='bbox 1067 1440 1260 1522; x_wconf 88' lang='lat' dir='ltr'><strong>liquidarum</strong></span> 
     </span>
     <span class='ocr_line' id='line_1_11' title="bbox 122 1527 1260 1620; baseline -0.001 -17"><span class='ocrx_word' id='word_1_68' title='bbox 122 1537 338 1604; x_wconf 81' lang='lat' dir='ltr'><strong>metathesim</strong></span> <span class='ocrx_word' id='word_1_69' title='bbox 360 1537 537 1602; x_wconf 83' lang='lat' dir='ltr'><strong>inclinavit.</strong></span> <span class='ocrx_word' id='word_1_70' title='bbox 581 1539 621 1602; x_wconf 93' lang='lat' dir='ltr'><strong>In</strong></span> <span class='ocrx_word' id='word_1_71' title='bbox 644 1538 690 1603; x_wconf 92' lang='lat' dir='ltr'><strong>eis</strong></span> <span class='ocrx_word' id='word_1_72' title='bbox 713 1527 842 1619; x_wconf 86' lang='lat' dir='ltr'><strong>quidem</strong></span> <span class='ocrx_word' id='word_1_73' title='bbox 866 1538 1031 1620; x_wconf 87' lang='lat' dir='ltr'><strong>exemplis,</strong></span> <span class='ocrx_word' id='word_1_74' title='bbox 1055 1556 1138 1618; x_wconf 88' lang='lat' dir='ltr'><strong>quae</strong></span> <span class='ocrx_word' id='word_1_75' title='bbox 1152 1538 1185 1601; x_wconf 90' lang='lat' dir='ltr'><strong>in</strong></span> <span class='ocrx_word' id='word_1_76' title='bbox 1200 1538 1260 1602; x_wconf 86' lang='lat' dir='ltr'><strong>hac</strong></span> 
     </span>
     <span class='ocr_line' id='line_1_12' title="bbox 123 1634 1261 1724; baseline 0.001 -25"><span class='ocrx_word' id='word_1_77' title='bbox 123 1638 149 1715; x_wconf 61' lang='grc' dir='ltr'><strong>ἓ</strong></span> <span class='ocrx_word' id='word_1_78' title='bbox 174 1635 347 1700; x_wconf 87' lang='lat' dir='ltr'><strong>tractanda</strong></span> <span class='ocrx_word' id='word_1_79' title='bbox 368 1641 475 1712; x_wconf 89' lang='lat' dir='ltr'><strong>erunt,</strong></span> <span class='ocrx_word' id='word_1_80' title='bbox 508 1642 632 1700; x_wconf 86' lang='lat' dir='ltr'><strong>tantum</strong></span> <span class='ocrx_word' id='word_1_81' title='bbox 655 1660 708 1712; x_wconf 82' lang='grc' dir='ltr'><strong>κν,</strong></span> <span class='ocrx_word' id='word_1_82' title='bbox 738 1657 791 1718; x_wconf 70' lang='lat' dir='ltr'><strong>po,</strong></span> <span class='ocrx_word' id='word_1_83' title='bbox 821 1658 866 1699; x_wconf 72' lang='lat' dir='ltr'><strong>rto</strong></span> <span class='ocrx_word' id='word_1_84' title='bbox 888 1634 1120 1724; x_wconf 85' lang='lat' dir='ltr'><strong>anticipatione</strong></span> <span class='ocrx_word' id='word_1_85' title='bbox 1139 1636 1261 1700; x_wconf 86' lang='lat' dir='ltr'><strong>nasaiis</strong></span> 
     </span>
     <span class='ocr_line' id='line_1_13' title="bbox 122 1730 1260 1814; baseline -0.004 -15"><span class='ocrx_word' id='word_1_86' title='bbox 122 1734 238 1799; x_wconf 84' lang='lat' dir='ltr'><strong>coisse</strong></span> <span class='ocrx_word' id='word_1_87' title='bbox 260 1732 423 1810; x_wconf 85' lang='lat' dir='ltr'><strong>videntur,</strong></span> <span class='ocrx_word' id='word_1_88' title='bbox 453 1733 486 1797; x_wconf 94' lang='lat' dir='ltr'><strong>in</strong></span> <span class='ocrx_word' id='word_1_89' title='bbox 508 1732 526 1814; x_wconf 62' lang='grc' dir='ltr'>ἓ</span> <span class='ocrx_word' id='word_1_90' title='bbox 552 1738 605 1814; x_wconf 84' lang='grc'><strong>10,</strong></span> <span class='ocrx_word' id='word_1_91' title='bbox 637 1733 692 1796; x_wconf 92' lang='lat' dir='ltr'><strong>ubi</strong></span> <span class='ocrx_word' id='word_1_92' title='bbox 715 1731 755 1797; x_wconf 86' lang='lat' dir='ltr'><strong>de</strong></span> <span class='ocrx_word' id='word_1_93' title='bbox 776 1730 939 1797; x_wconf 89' lang='lat' dir='ltr'><strong>radicibus</strong></span> <span class='ocrx_word' id='word_1_94' title='bbox 962 1752 1118 1810; x_wconf 87' lang='lat' dir='ltr'><strong>consona,</strong></span> <span class='ocrx_word' id='word_1_95' title='bbox 1146 1732 1260 1811; x_wconf 87' lang='lat' dir='ltr'><strong>vocali,</strong></span> 
     </span>
     <span class='ocr_line' id='line_1_14' title="bbox 121 1828 1259 1913; baseline -0.002 -19"><span class='ocrx_word' id='word_1_96' title='bbox 121 1829 333 1913; x_wconf 80' lang='lat' dir='ltr'><strong>liquidove}</strong></span> <span class='ocrx_word' id='word_1_97' title='bbox 356 1829 461 1895; x_wconf 79' lang='lat' dir='ltr'><strong>nasali</strong></span> <span class='ocrx_word' id='word_1_98' title='bbox 490 1830 709 1895; x_wconf 79' lang='lat' dir='ltr'><strong>constantibus</strong></span> <span class='ocrx_word' id='word_1_99' title='bbox 738 1835 864 1911; x_wconf 81' lang='lat' dir='ltr'><strong>agetur,</strong></span> <span class='ocrx_word' id='word_1_100' title='bbox 899 1830 995 1894; x_wconf 88' lang='lat' dir='ltr'><strong>etiam</strong></span> <span class='ocrx_word' id='word_1_101' title='bbox 1019 1854 1078 1910; x_wconf 85' lang='grc' dir='ltr'><strong>κμ,</strong></span> <span class='ocrx_word' id='word_1_102' title='bbox 1112 1854 1171 1910; x_wconf 77' lang='lat' dir='ltr'><strong>cp,</strong></span> <span class='ocrx_word' id='word_1_103' title='bbox 1207 1828 1259 1910; x_wconf 83' lang='grc' dir='ltr'><strong>ὁμ,</strong></span> 
     </span>
     <span class='ocr_line' id='line_1_15' title="bbox 121 1919 1262 2009; baseline 0 -17"><span class='ocrx_word' id='word_1_104' title='bbox 121 1933 196 2004; x_wconf 50' lang='lat' dir='ltr'><strong>etv,</strong></span> <span class='ocrx_word' id='word_1_105' title='bbox 220 1951 264 2008; x_wconf 81' lang='grc' dir='ltr'><strong>μν</strong></span> <span class='ocrx_word' id='word_1_106' title='bbox 287 1934 461 1999; x_wconf 87' lang='lat' dir='ltr'><strong>occurrent.</strong></span> <span class='ocrx_word' id='word_1_107' title='bbox 505 1929 563 1992; x_wconf 84' lang='lat' dir='ltr'><strong>Est</strong></span> <span class='ocrx_word' id='word_1_108' title='bbox 584 1934 691 1992; x_wconf 91' lang='lat' dir='ltr'><strong>autem</strong></span> <span class='ocrx_word' id='word_1_109' title='bbox 714 1919 861 2008; x_wconf 82' lang='lat' dir='ltr'><strong>dignum,</strong></span> <span class='ocrx_word' id='word_1_110' title='bbox 891 1926 975 2009; x_wconf 89' lang='lat' dir='ltr'><strong>quod</strong></span> <span class='ocrx_word' id='word_1_111' title='bbox 999 1934 1262 1992; x_wconf 84' lang='lat' dir='ltr'><strong>commemoretur</strong></span> 
     </span>
     <span class='ocr_line' id='line_1_16' title="bbox 123 2023 1261 2110; baseline -0.003 -19"><span class='ocrx_word' id='word_1_112' title='bbox 123 2024 266 2110; x_wconf 83' lang='lat' dir='ltr'><strong>easdem</strong></span> <span class='ocrx_word' id='word_1_113' title='bbox 289 2025 465 2090; x_wconf 87' lang='lat' dir='ltr'><strong>litterarum</strong></span> <span class='ocrx_word' id='word_1_114' title='bbox 489 2025 727 2089; x_wconf 90' lang='lat' dir='ltr'><strong>coniunctiones</strong></span> <span class='ocrx_word' id='word_1_115' title='bbox 750 2023 892 2106; x_wconf 83' lang='lat' dir='ltr'><strong>exceptis</strong></span> <span class='ocrx_word' id='word_1_116' title='bbox 915 2024 961 2089; x_wconf 88' lang='lat' dir='ltr'><strong>eis</strong></span> <span class='ocrx_word' id='word_1_117' title='bbox 984 2026 1151 2108; x_wconf 83' lang='lat' dir='ltr'><strong>exemplis,</strong></span> <span class='ocrx_word' id='word_1_118' title='bbox 1179 2044 1261 2107; x_wconf 87' lang='lat' dir='ltr'><strong>quae</strong></span> 
     </span>
    </p>
   </div>
   <div class='ocr_carea' id='block_1_4' title="bbox 122 2108 1371 2207">
    <p class='ocr_par' dir='ltr' id='par_1_4' title="bbox 122 2108 1371 2207">
     <span class='ocr_line' id='line_1_17' title="bbox 122 2108 1371 2207; baseline -0.001 -21"><span class='ocrx_word' id='word_1_119' title='bbox 122 2122 175 2186; x_wconf 80' lang='lat' dir='ltr'><strong>ad</strong></span> <span class='ocrx_word' id='word_1_120' title='bbox 199 2122 403 2188; x_wconf 86' lang='lat' dir='ltr'><strong>metathesim</strong></span> <span class='ocrx_word' id='word_1_121' title='bbox 426 2129 481 2186; x_wconf 86' lang='lat' dir='ltr'><strong>aut</strong></span> <span class='ocrx_word' id='word_1_122' title='bbox 502 2141 666 2207; x_wconf 79' lang='lat' dir='ltr'><strong>syncopen</strong></span> <span class='ocrx_word' id='word_1_123' title='bbox 688 2121 864 2204; x_wconf 88' lang='lat' dir='ltr'><strong>pertinent,</strong></span> <span class='ocrx_word' id='word_1_124' title='bbox 887 2122 1047 2186; x_wconf 85' lang='lat' dir='ltr'><strong>rarissime</strong></span> <span class='ocrx_word' id='word_1_125' title='bbox 1069 2123 1103 2186; x_wconf 91' lang='lat' dir='ltr'><strong>in</strong></span> <span class='ocrx_word' id='word_1_126' title='bbox 1126 2123 1264 2187; x_wconf 83' lang='lat' dir='ltr'><strong>vocabu·</strong></span> <span class='ocrx_word' id='word_1_127' title='bbox 1368 2108 1371 2117; x_wconf 70' lang='grc'><strong>’</strong></span> 
     </span>
    </p>
   </div>
   <div class='ocr_carea' id='block_1_5' title="bbox 121 2217 1302 2593">
    <p class='ocr_par' dir='ltr' id='par_1_5' title="bbox 121 2217 1302 2593">
     <span class='ocr_line' id='line_1_18' title="bbox 121 2217 1275 2301; baseline 0.002 -19"><span class='ocrx_word' id='word_1_128' title='bbox 121 2219 239 2283; x_wconf 89' lang='lat' dir='ltr'><strong>lorum</strong></span> <span class='ocrx_word' id='word_1_129' title='bbox 263 2219 362 2283; x_wconf 90' lang='lat' dir='ltr'><strong>initiis</strong></span> <span class='ocrx_word' id='word_1_130' title='bbox 387 2220 505 2301; x_wconf 82' lang='lat' dir='ltr'><strong>linguis</strong></span> <span class='ocrx_word' id='word_1_131' title='bbox 532 2217 773 2300; x_wconf 81' lang='lat' dir='ltr'><strong>indogermanis</strong></span> <span class='ocrx_word' id='word_1_132' title='bbox 801 2218 954 2300; x_wconf 82' lang='lat' dir='ltr'><strong>probatas</strong></span> <span class='ocrx_word' id='word_1_133' title='bbox 988 2238 1073 2292; x_wconf 88' lang='lat' dir='ltr'><strong>esse,</strong></span> <span class='ocrx_word' id='word_1_134' title='bbox 1107 2219 1153 2283; x_wconf 88' lang='lat' dir='ltr'><strong>ita</strong></span> <span class='ocrx_word' id='word_1_135' title='bbox 1186 2226 1220 2284; x_wconf 94' lang='lat' dir='ltr'><strong>ut</strong></span> <span class='ocrx_word' id='word_1_136' title='bbox 1242 2239 1275 2284; x_wconf 89' lang='lat' dir='ltr'><strong>a·</strong></span> 
     </span>
     <span class='ocr_line' id='line_1_19' title="bbox 122 2315 1262 2400; baseline 0.001 -20"><span class='ocrx_word' id='word_1_137' title='bbox 122 2315 309 2400; x_wconf 75' lang='lat' dir='ltr'><strong>primordio</strong></span> <span class='ocrx_word' id='word_1_138' title='bbox 337 2315 377 2381; x_wconf 92' lang='lat' dir='ltr'><strong>id.</strong></span> <span class='ocrx_word' id='word_1_139' title='bbox 395 2318 528 2381; x_wconf 78' lang='lat' dir='ltr'><strong>omnino·</strong></span> <span class='ocrx_word' id='word_1_140' title='bbox 547 2337 612 2381; x_wconf 90' lang='lat' dir='ltr'><strong>non</strong></span> <span class='ocrx_word' id='word_1_141' title='bbox 634 2315 752 2380; x_wconf 85' lang='lat' dir='ltr'><strong>iactum</strong></span> <span class='ocrx_word' id='word_1_142' title='bbox 776 2333 846 2380; x_wconf 91' lang='lat' dir='ltr'><strong>esse</strong></span> <span class='ocrx_word' id='word_1_143' title='bbox 869 2323 954 2380; x_wconf 89' lang='lat' dir='ltr'><strong>reete</strong></span> <span class='ocrx_word' id='word_1_144' title='bbox 977 2316 1132 2399; x_wconf 89' lang='lat' dir='ltr'><strong>suspicari</strong></span> <span class='ocrx_word' id='word_1_145' title='bbox 1152 2316 1262 2382; x_wconf 84' lang='lat' dir='ltr'><strong>videa-</strong></span> 
     </span>
     <span class='ocr_line' id='line_1_20' title="bbox 125 2411 1263 2496; baseline 0.002 -19"><span class='ocrx_word' id='word_1_146' title='bbox 125 2413 262 2496; x_wconf 76' lang='lat' dir='ltr'><strong>mur⁷²);</strong></span> <span class='ocrx_word' id='word_1_147' title='bbox 292 2413 368 2494; x_wconf 89' lang='lat' dir='ltr'><strong>quin</strong></span> <span class='ocrx_word' id='word_1_148' title='bbox 397 2435 442 2476; x_wconf 81' lang='lat' dir='ltr'><strong>sm</strong></span> <span class='ocrx_word' id='word_1_149' title='bbox 472 2421 504 2480; x_wconf 89' lang='lat' dir='ltr'><strong>et</strong></span> <span class='ocrx_word' id='word_1_150' title='bbox 532 2435 567 2476; x_wconf 85' lang='lat' dir='ltr'><strong>so</strong></span> <span class='ocrx_word' id='word_1_151' title='bbox 593 2415 656 2478; x_wconf 85' lang='lat' dir='ltr'><strong>iam</strong></span> <span class='ocrx_word' id='word_1_152' title='bbox 687 2411 917 2494; x_wconf 87' lang='lat' dir='ltr'><strong>antiquissimis</strong></span> <span class='ocrx_word' id='word_1_153' title='bbox 939 2414 1135 2496; x_wconf 79' lang='lat' dir='ltr'><strong>temporibus</strong></span> <span class='ocrx_word' id='word_1_154' title='bbox 1157 2414 1191 2478; x_wconf 93' lang='lat' dir='ltr'><strong>in</strong></span> <span class='ocrx_word' id='word_1_155' title='bbox 1214 2435 1263 2479; x_wconf 85' lang='lat' dir='ltr'><strong>ra·</strong></span> 
     </span>
     <span class='ocr_line' id='line_1_21' title="bbox 129 2509 1302 2593; baseline 0.001 -18"><span class='ocrx_word' id='word_1_156' title='bbox 129 2511 243 2575; x_wconf 87' lang='lat' dir='ltr'><strong>dicum</strong></span> <span class='ocrx_word' id='word_1_157' title='bbox 271 2510 428 2577; x_wconf 85' lang='lat' dir='ltr'><strong>frontibus</strong></span> <span class='ocrx_word' id='word_1_158' title='bbox 450 2511 593 2578; x_wconf 87' lang='lat' dir='ltr'><strong>admissa</strong></span> <span class='ocrx_word' id='word_1_159' title='bbox 614 2513 747 2591; x_wconf 83' lang='lat' dir='ltr'><strong>fuerint,</strong></span> <span class='ocrx_word' id='word_1_160' title='bbox 779 2509 918 2574; x_wconf 86' lang='lat' dir='ltr'><strong>dubitari</strong></span> <span class='ocrx_word' id='word_1_161' title='bbox 941 2532 1005 2574; x_wconf 92' lang='lat' dir='ltr'><strong>non</strong></span> <span class='ocrx_word' id='word_1_162' title='bbox 1027 2518 1142 2593; x_wconf 86' lang='lat' dir='ltr'><strong>potest.</strong></span> <span class='ocrx_word' id='word_1_163' title='bbox 1184 2510 1262 2576; x_wconf 80' lang='lat' dir='ltr'><strong>Cum</strong></span> <span class='ocrx_word' id='word_1_164' title='bbox 1299 2537 1302 2544; x_wconf 91' lang='lat'>·</span> 
     </span>
    </p>
   </div>
   <div class='ocr_carea' id='block_1_6' title="bbox 127 2606 1263 2800">
    <p class='ocr_par' dir='ltr' id='par_1_6' title="bbox 127 2606 1263 2800">
     <span class='ocr_line' id='line_1_22' title="bbox 127 2606 1262 2702; baseline 0.001 -30"><span class='ocrx_word' id='word_1_165' title='bbox 127 2627 212 2673; x_wconf 76' lang='lat' dir='ltr'><strong>nero</strong></span> <span class='ocrx_word' id='word_1_166' title='bbox 235 2608 300 2671; x_wconf 85' lang='lat' dir='ltr'><strong>iam</strong></span> <span class='ocrx_word' id='word_1_167' title='bbox 326 2609 413 2691; x_wconf 85' lang='lat' dir='ltr'><strong>apud</strong></span> <span class='ocrx_word' id='word_1_168' title='bbox 436 2609 689 2702; x_wconf 71' lang='lat' dir='ltr'><strong>Indogermancp</strong></span> <span class='ocrx_word' id='word_1_169' title='bbox 718 2607 871 2672; x_wconf 88' lang='lat' dir='ltr'><strong>nondum</strong></span> <span class='ocrx_word' id='word_1_170' title='bbox 895 2607 1070 2673; x_wconf 89' lang='lat' dir='ltr'><strong>disiunctos</strong></span> <span class='ocrx_word' id='word_1_171' title='bbox 1102 2606 1262 2674; x_wconf 89' lang='lat' dir='ltr'><strong>interdum</strong></span> 
     </span>
     <span class='ocr_line' id='line_1_23' title="bbox 128 2704 1263 2800; baseline 0.002 -31"><span class='ocrx_word' id='word_1_172' title='bbox 128 2705 258 2770; x_wconf 85' lang='lat' dir='ltr'><strong>nasaiis</strong></span> <span class='ocrx_word' id='word_1_173' title='bbox 280 2704 457 2788; x_wconf 85' lang='lat' dir='ltr'><strong>anticipata</strong></span> <span class='ocrx_word' id='word_1_174' title='bbox 479 2714 564 2772; x_wconf 87' lang='lat' dir='ltr'><strong>esset</strong></span> <span class='ocrx_word' id='word_1_175' title='bbox 583 2712 623 2785; x_wconf 86' lang='lat' dir='ltr'><strong>(v.</strong></span> <span class='ocrx_word' id='word_1_176' title='bbox 641 2709 771 2785; x_wconf 80' lang='lat' dir='ltr'><strong>notam),</strong></span> <span class='ocrx_word' id='word_1_177' title='bbox 795 2712 908 2788; x_wconf 86' lang='lat' dir='ltr'><strong>postea</strong></span> <span class='ocrx_word' id='word_1_178' title='bbox 930 2707 964 2799; x_wconf 91' lang='lat' dir='ltr'><strong>in</strong></span> <span class='ocrx_word' id='word_1_179' title='bbox 987 2704 1122 2800; x_wconf 81' lang='lat' dir='ltr'><strong>singulis</strong></span> <span class='ocrx_word' id='word_1_180' title='bbox 1145 2705 1263 2788; x_wconf 82' lang='lat' dir='ltr'><strong>linguis</strong></span> 
     </span>
    </p>
   </div>
   <div class='ocr_carea' id='block_1_7' title="bbox 133 2905 1266 4019">
    <p class='ocr_par' dir='ltr' id='par_1_7' title="bbox 133 2905 1266 4019">
     <span class='ocr_line' id='line_1_24' title="bbox 205 2905 1261 2976; baseline -0.004 -13"><span class='ocrx_word' id='word_1_181' title='bbox 205 2906 238 2963; x_wconf 68' lang='grc'><strong>72)</strong></span> <span class='ocrx_word' id='word_1_182' title='bbox 257 2905 320 2960; x_wconf 88' lang='lat' dir='ltr'><strong>Non</strong></span> <span class='ocrx_word' id='word_1_183' title='bbox 337 2906 446 2973; x_wconf 85' lang='lat' dir='ltr'><strong>dubito,</strong></span> <span class='ocrx_word' id='word_1_184' title='bbox 469 2907 533 2976; x_wconf 88' lang='lat' dir='ltr'><strong>quin</strong></span> <span class='ocrx_word' id='word_1_185' title='bbox 551 2922 575 2961; x_wconf 92' lang='lat' dir='ltr'><strong>e.</strong></span> <span class='ocrx_word' id='word_1_186' title='bbox 593 2923 617 2975; x_wconf 83' lang='lat' dir='ltr'><strong>g.</strong></span> <span class='ocrx_word' id='word_1_187' title='bbox 637 2907 695 2961; x_wconf 83' lang='lat' dir='ltr'><strong>red.</strong></span> <span class='ocrx_word' id='word_1_188' title='bbox 714 2907 819 2972; x_wconf 60' lang='lat' dir='ltr'><strong>*slsum</strong></span> <span class='ocrx_word' id='word_1_189' title='bbox 839 2908 874 2961; x_wconf 86' lang='lat' dir='ltr'><strong>ad</strong></span> <span class='ocrx_word' id='word_1_190' title='bbox 891 2923 972 2976; x_wconf 89' lang='lat' dir='ltr'><strong>quam</strong></span> <span class='ocrx_word' id='word_1_191' title='bbox 989 2923 1041 2961; x_wconf 90' lang='lat' dir='ltr'><strong>scr.</strong></span> <span class='ocrx_word' id='word_1_192' title='bbox 1059 2906 1204 2970; x_wconf 80' lang='lat' dir='ltr'><strong>lcshoo-to,</strong></span> <span class='ocrx_word' id='word_1_193' title='bbox 1223 2923 1261 2975; x_wconf 72' lang='lat' dir='ltr'><strong>gr⁴</strong></span> 
     </span>
     <span class='ocr_line' id='line_1_25' title="bbox 133 2984 1262 3062; baseline 0.004 -26"><span class='ocrx_word' id='word_1_194' title='bbox 133 2984 236 3044; x_wconf 69' lang='lat' dir='ltr'><strong>avt-o,</strong></span> <span class='ocrx_word' id='word_1_195' title='bbox 260 2986 358 3055; x_wconf 77' lang='grc' dir='ltr'><em>χνό-ος</em></span> <span class='ocrx_word' id='word_1_196' title='bbox 376 2994 426 3041; x_wconf 90' lang='lat' dir='ltr'><strong>cet.</strong></span> <span class='ocrx_word' id='word_1_197' title='bbox 453 2987 580 3052; x_wconf 90' lang='lat' dir='ltr'><strong>redeunt,</strong></span> <span class='ocrx_word' id='word_1_198' title='bbox 608 3003 640 3041; x_wconf 85' lang='lat' dir='ltr'><strong>ex</strong></span> <span class='ocrx_word' id='word_1_199' title='bbox 648 3055 654 3062; x_wconf 66' lang='lat'><strong>‚.</strong></span> <span class='ocrx_word' id='word_1_200' title='bbox 664 2988 787 3043; x_wconf 88' lang='lat' dir='ltr'><strong>breviore</strong></span> <span class='ocrx_word' id='word_1_201' title='bbox 812 2989 902 3055; x_wconf 87' lang='lat' dir='ltr'><strong>aliqua</strong></span> <span class='ocrx_word' id='word_1_202' title='bbox 922 2987 1012 3041; x_wconf 89' lang='lat' dir='ltr'><strong>radice</strong></span> <span class='ocrx_word' id='word_1_203' title='bbox 1031 2986 1147 3042; x_wconf 86' lang='lat' dir='ltr'><strong>deducto</strong></span> <span class='ocrx_word' id='word_1_204' title='bbox 1165 2988 1199 3042; x_wconf 90' lang='lat' dir='ltr'><strong>sit</strong></span> <span class='ocrx_word' id='word_1_205' title='bbox 1217 2987 1262 3053; x_wconf 80' lang='lat' dir='ltr'><strong>(cf.</strong></span> 
     </span>
     <span class='ocr_line' id='line_1_26' title="bbox 134 3065 1264 3136; baseline 0.004 -18"><span class='ocrx_word' id='word_1_206' title='bbox 134 3065 228 3119; x_wconf 86' lang='lat' dir='ltr'><strong>Fiokii</strong></span> <span class='ocrx_word' id='word_1_207' title='bbox 256 3067 439 3121; x_wconf 87' lang='lat' dir='ltr'><strong>coniecturam</strong></span> <span class='ocrx_word' id='word_1_208' title='bbox 464 3067 516 3120; x_wconf 86' lang='lat' dir='ltr'><strong>lex.</strong></span> <span class='ocrx_word' id='word_1_209' title='bbox 535 3085 562 3136; x_wconf 91' lang='lat' dir='ltr'><strong>p.</strong></span> <span class='ocrx_word' id='word_1_210' title='bbox 582 3072 634 3132; x_wconf 81' lang='lat'><strong>55).</strong></span> <span class='ocrx_word' id='word_1_211' title='bbox 670 3069 710 3122; x_wconf 91' lang='lat' dir='ltr'><strong>De</strong></span> <span class='ocrx_word' id='word_1_212' title='bbox 734 3069 822 3136; x_wconf 83' lang='lat' dir='ltr'><strong>indog.</strong></span> <span class='ocrx_word' id='word_1_213' title='bbox 846 3068 924 3121; x_wconf 75' lang='lat' dir='ltr'><strong>*lecu</strong></span> <span class='ocrx_word' id='word_1_214' title='bbox 952 3083 1078 3122; x_wconf 89' lang='lat' dir='ltr'><strong>sonare</strong></span> <span class='ocrx_word' id='word_1_215' title='bbox 1095 3086 1119 3121; x_wconf 85' lang='lat' dir='ltr'><strong>v.</strong></span> <span class='ocrx_word' id='word_1_216' title='bbox 1138 3067 1264 3122; x_wconf 81' lang='lat' dir='ltr'><strong>Fichium</strong></span> 
     </span>
     <span class='ocr_line' id='line_1_27' title="bbox 133 3147 1264 3221; baseline 0 -21"><span class='ocrx_word' id='word_1_217' title='bbox 133 3164 161 3216; x_wconf 85' lang='lat' dir='ltr'><strong>p.</strong></span> <span class='ocrx_word' id='word_1_218' title='bbox 183 3152 258 3221; x_wconf 78' lang='lat'><strong>952,</strong></span> <span class='ocrx_word' id='word_1_219' title='bbox 276 3148 309 3202; x_wconf 83' lang='lat' dir='ltr'><strong>de</strong></span> <span class='ocrx_word' id='word_1_220' title='bbox 331 3147 424 3201; x_wconf 81' lang='lat' dir='ltr'><strong>*lcooo</strong></span> <span class='ocrx_word' id='word_1_221' title='bbox 447 3165 471 3200; x_wconf 86' lang='lat' dir='ltr'><strong>v.</strong></span> <span class='ocrx_word' id='word_1_222' title='bbox 490 3147 562 3201; x_wconf 82' lang='lat' dir='ltr'><strong>inira</strong></span> <span class='ocrx_word' id='word_1_223' title='bbox 587 3148 622 3202; x_wconf 86' lang='lat' dir='ltr'><strong>ad</strong></span> <span class='ocrx_word' id='word_1_224' title='bbox 641 3165 667 3201; x_wconf 90' lang='lat' dir='ltr'><strong>n.</strong></span> <span class='ocrx_word' id='word_1_225' title='bbox 688 3153 711 3212; x_wconf 80' lang='lat'><strong>2,</strong></span> <span class='ocrx_word' id='word_1_226' title='bbox 730 3149 762 3202; x_wconf 91' lang='lat' dir='ltr'><strong>de</strong></span> <span class='ocrx_word' id='word_1_227' title='bbox 780 3149 838 3218; x_wconf 69' lang='lat' dir='ltr'><strong>poci</strong></span> <span class='ocrx_word' id='word_1_228' title='bbox 862 3164 1009 3202; x_wconf 91' lang='lat' dir='ltr'><strong>noscere</strong></span> <span class='ocrx_word' id='word_1_229' title='bbox 1028 3151 1043 3215; x_wconf 63' lang='grc' dir='ltr'><strong>ξ</strong></span> <span class='ocrx_word' id='word_1_230' title='bbox 1065 3154 1095 3201; x_wconf 87' lang='lat'><strong>10</strong></span> <span class='ocrx_word' id='word_1_231' title='bbox 1113 3149 1150 3201; x_wconf 90' lang='lat' dir='ltr'><strong>in.</strong></span> <span class='ocrx_word' id='word_1_232' title='bbox 1169 3179 1202 3187; x_wconf 93' lang='lat'><em>-</em></span> <span class='ocrx_word' id='word_1_233' title='bbox 1220 3148 1264 3200; x_wconf 88' lang='lat' dir='ltr'><strong>Ex</strong></span> 
     </span>
     <span class='ocr_line' id='line_1_28' title="bbox 134 3227 1263 3296; baseline 0.002 -17"><span class='ocrx_word' id='word_1_234' title='bbox 134 3227 251 3295; x_wconf 85' lang='lat' dir='ltr'><strong>linguis·</strong></span> <span class='ocrx_word' id='word_1_235' title='bbox 270 3228 351 3282; x_wconf 89' lang='lat' dir='ltr'><strong>aricis</strong></span> <span class='ocrx_word' id='word_1_236' title='bbox 379 3227 483 3282; x_wconf 86' lang='lat' dir='ltr'><strong>radices</strong></span> <span class='ocrx_word' id='word_1_237' title='bbox 509 3229 647 3296; x_wconf 82' lang='lat' dir='ltr'><strong>explosiva</strong></span> <span class='ocrx_word' id='word_1_238' title='bbox 674 3235 700 3282; x_wconf 89' lang='lat' dir='ltr'><strong>et</strong></span> <span class='ocrx_word' id='word_1_239' title='bbox 727 3228 814 3282; x_wconf 88' lang='lat' dir='ltr'><strong>nasali</strong></span> <span class='ocrx_word' id='word_1_240' title='bbox 840 3228 1000 3296; x_wconf 87' lang='lat' dir='ltr'><strong>incipientes</strong></span> <span class='ocrx_word' id='word_1_241' title='bbox 1032 3227 1209 3296; x_wconf 89' lang='lat' dir='ltr'><strong>paucissimas</strong></span> <span class='ocrx_word' id='word_1_242' title='bbox 1236 3229 1263 3281; x_wconf 94' lang='lat' dir='ltr'><strong>in</strong></span> 
     </span>
     <span class='ocr_line' id='line_1_29' title="bbox 135 3307 1264 3378; baseline -0.002 -16"><span class='ocrx_word' id='word_1_243' title='bbox 135 3312 266 3377; x_wconf 91' lang='lat' dir='ltr'><strong>promptu</strong></span> <span class='ocrx_word' id='word_1_244' title='bbox 278 3308 373 3374; x_wconf 88' lang='lat' dir='ltr'><strong>habeo,</strong></span> <span class='ocrx_word' id='word_1_245' title='bbox 392 3308 438 3362; x_wconf 93' lang='lat' dir='ltr'><strong>ubi</strong></span> <span class='ocrx_word' id='word_1_246' title='bbox 451 3324 588 3378; x_wconf 86' lang='lat' dir='ltr'><strong>syncopen</strong></span> <span class='ocrx_word' id='word_1_247' title='bbox 600 3315 647 3362; x_wconf 90' lang='lat' dir='ltr'><strong>aut</strong></span> <span class='ocrx_word' id='word_1_248' title='bbox 659 3308 829 3362; x_wconf 84' lang='lat' dir='ltr'><strong>metathesim</strong></span> <span class='ocrx_word' id='word_1_249' title='bbox 839 3307 940 3362; x_wconf 82' lang='lat' dir='ltr'><strong>iactam</strong></span> <span class='ocrx_word' id='word_1_250' title='bbox 958 3323 1017 3362; x_wconf 85' lang='lat' dir='ltr'><strong>esse</strong></span> <span class='ocrx_word' id='word_1_251' title='bbox 1033 3308 1145 3377; x_wconf 83' lang='lat' dir='ltr'><strong>probari</strong></span> <span class='ocrx_word' id='word_1_252' title='bbox 1163 3308 1264 3375; x_wconf 90' lang='lat' dir='ltr'><strong>nequit.</strong></span> 
     </span>
     <span class='ocr_line' id='line_1_30' title="bbox 136 3388 1264 3459; baseline 0.001 -17"><span class='ocrx_word' id='word_1_253' title='bbox 136 3388 180 3442; x_wconf 87' lang='lat' dir='ltr'><strong>De</strong></span> <span class='ocrx_word' id='word_1_254' title='bbox 207 3388 301 3456; x_wconf 86' lang='lat' dir='ltr'><strong>lingua</strong></span> <span class='ocrx_word' id='word_1_255' title='bbox 329 3389 418 3457; x_wconf 82' lang='lat' dir='ltr'><strong>getica</strong></span> <span class='ocrx_word' id='word_1_256' title='bbox 445 3389 480 3441; x_wconf 84' lang='lat' dir='ltr'><strong>cf.</strong></span> <span class='ocrx_word' id='word_1_257' title='bbox 505 3389 537 3442; x_wconf 91' lang='lat' dir='ltr'><strong>L.</strong></span> <span class='ocrx_word' id='word_1_258' title='bbox 557 3390 695 3459; x_wconf 79' lang='lat' dir='ltr'><strong>Meyernm</strong></span> <span class='ocrx_word' id='word_1_259' title='bbox 719 3389 790 3442; x_wconf 80' lang='lat' dir='ltr'><strong>‘Got</strong></span> <span class='ocrx_word' id='word_1_260' title='bbox 810 3390 873 3457; x_wconf 87' lang='lat' dir='ltr'><strong>spr.’</strong></span> <span class='ocrx_word' id='word_1_261' title='bbox 900 3407 927 3458; x_wconf 90' lang='lat' dir='ltr'><strong>p.</strong></span> <span class='ocrx_word' id='word_1_262' title='bbox 946 3393 1004 3442; x_wconf 81' lang='lat'>200.</span> <span class='ocrx_word' id='word_1_263' title='bbox 1041 3388 1118 3455; x_wconf 79' lang='lat' dir='ltr'><strong>Quod</strong></span> <span class='ocrx_word' id='word_1_264' title='bbox 1148 3389 1181 3442; x_wconf 91' lang='lat' dir='ltr'><strong>de</strong></span> <span class='ocrx_word' id='word_1_265' title='bbox 1211 3390 1264 3444; x_wconf 90' lang='lat' dir='ltr'><strong>illis</strong></span> 
     </span>
     <span class='ocr_line' id='line_1_31' title="bbox 135 3467 1265 3538; baseline 0.001 -16"><span class='ocrx_word' id='word_1_266' title='bbox 135 3467 236 3536; x_wconf 84' lang='lat' dir='ltr'><strong>linguis</strong></span> <span class='ocrx_word' id='word_1_267' title='bbox 251 3468 314 3535; x_wconf 84' lang='lat' dir='ltr'><strong>dixi,</strong></span> <span class='ocrx_word' id='word_1_268' title='bbox 332 3468 402 3522; x_wconf 88' lang='lat' dir='ltr'><strong>idem</strong></span> <span class='ocrx_word' id='word_1_269' title='bbox 420 3467 492 3528; x_wconf 84' lang='lat' dir='ltr'><strong>cedit</strong></span> <span class='ocrx_word' id='word_1_270' title='bbox 509 3468 714 3523; x_wconf 85' lang='lat' dir='ltr'><strong>inGraecorum</strong></span> <span class='ocrx_word' id='word_1_271' title='bbox 731 3469 857 3536; x_wconf 83' lang='lat' dir='ltr'><strong>linguam,</strong></span> <span class='ocrx_word' id='word_1_272' title='bbox 876 3469 923 3522; x_wconf 92' lang='lat' dir='ltr'><strong>ubi</strong></span> <span class='ocrx_word' id='word_1_273' title='bbox 940 3469 1031 3532; x_wconf 81' lang='grc' dir='ltr'><em>μνίον,</em></span> <span class='ocrx_word' id='word_1_274' title='bbox 1051 3467 1137 3536; x_wconf 79' lang='grc' dir='ltr'><em>μνόος</em></span> <span class='ocrx_word' id='word_1_275' title='bbox 1146 3485 1265 3538; x_wconf 87' lang='lat' dir='ltr'><strong>syncope</strong></span> 
     </span>
     <span class='ocr_line' id='line_1_32' title="bbox 137 3548 1263 3617; baseline -0.002 -15"><span class='ocrx_word' id='word_1_276' title='bbox 137 3563 170 3603; x_wconf 88' lang='lat' dir='ltr'><strong>ex</strong></span> <span class='ocrx_word' id='word_1_277' title='bbox 195 3564 289 3617; x_wconf 90' lang='lat' dir='ltr'><strong>europ.</strong></span> <span class='ocrx_word' id='word_1_278' title='bbox 314 3549 445 3602; x_wconf 65' lang='lat' dir='ltr'><strong>*mereata</strong></span> <span class='ocrx_word' id='word_1_279' title='bbox 470 3551 529 3602; x_wconf 82' lang='lat' dir='ltr'><strong>orte</strong></span> <span class='ocrx_word' id='word_1_280' title='bbox 554 3553 619 3603; x_wconf 85' lang='lat' dir='ltr'><strong>sunt</strong></span> <span class='ocrx_word' id='word_1_281' title='bbox 642 3555 676 3613; x_wconf 87' lang='lat' dir='ltr'><strong>(v.</strong></span> <span class='ocrx_word' id='word_1_282' title='bbox 694 3549 772 3603; x_wconf 89' lang='lat' dir='ltr'><strong>Fick.</strong></span> <span class='ocrx_word' id='word_1_283' title='bbox 791 3565 817 3617; x_wconf 90' lang='lat' dir='ltr'><strong>p.</strong></span> <span class='ocrx_word' id='word_1_284' title='bbox 837 3553 904 3615; x_wconf 80' lang='grc'><strong>386),</strong></span> <span class='ocrx_word' id='word_1_285' title='bbox 930 3548 1053 3602; x_wconf 83' lang='lat' dir='ltr'><strong>similiter</strong></span> <span class='ocrx_word' id='word_1_286' title='bbox 1069 3548 1136 3615; x_wconf 77' lang='grc' dir='ltr'><strong>γνύξ</strong></span> <span class='ocrx_word' id='word_1_287' title='bbox 1154 3564 1168 3602; x_wconf 92' lang='lat' dir='ltr'><strong>e</strong></span> <span class='ocrx_word' id='word_1_288' title='bbox 1185 3548 1263 3616; x_wconf 79' lang='grc' dir='ltr'><em>γόνυ,</em></span> 
     </span>
     <span class='ocr_line' id='line_1_33' title="bbox 136 3627 1264 3699; baseline 0.005 -20"><span class='ocrx_word' id='word_1_289' title='bbox 136 3629 292 3689; x_wconf 52' lang='lat' dir='ltr'><strong>&amp;venatico</strong></span> <span class='ocrx_word' id='word_1_290' title='bbox 312 3644 327 3683; x_wconf 85' lang='lat' dir='ltr'><strong>e</strong></span> <span class='ocrx_word' id='word_1_291' title='bbox 345 3632 378 3682; x_wconf 82' lang='lat' dir='ltr'><strong>st.</strong></span> <span class='ocrx_word' id='word_1_292' title='bbox 399 3627 463 3678; x_wconf 74' lang='grc' dir='ltr'><strong>δονο</strong></span> <span class='ocrx_word' id='word_1_293' title='bbox 489 3629 570 3693; x_wconf 84' lang='lat' dir='ltr'><strong>(uude</strong></span> <span class='ocrx_word' id='word_1_294' title='bbox 589 3630 685 3694; x_wconf 73' lang='grc' dir='ltr'><em>δονὲω)</em></span> <span class='ocrx_word' id='word_1_295' title='bbox 704 3636 734 3699; x_wconf 72' lang='lat' dir='ltr'><strong>vet</strong></span> <span class='ocrx_word' id='word_1_296' title='bbox 751 3628 809 3682; x_wconf 78' lang='lat' dir='ltr'><strong>rad.</strong></span> <span class='ocrx_word' id='word_1_297' title='bbox 828 3630 882 3679; x_wconf 75' lang='grc' dir='ltr'><strong>παλ</strong></span> <span class='ocrx_word' id='word_1_298' title='bbox 900 3632 933 3692; x_wconf 83' lang='lat' dir='ltr'><strong>(v.</strong></span> <span class='ocrx_word' id='word_1_299' title='bbox 953 3629 1021 3682; x_wconf 87' lang='lat' dir='ltr'><strong>Lob.</strong></span> <span class='ocrx_word' id='word_1_300' title='bbox 1040 3629 1146 3683; x_wconf 83' lang='lat' dir='ltr'><strong>Pathol.</strong></span> <span class='ocrx_word' id='word_1_301' title='bbox 1166 3630 1186 3696; x_wconf 92' lang='lat' dir='ltr'><strong>I,</strong></span> <span class='ocrx_word' id='word_1_302' title='bbox 1208 3635 1264 3685; x_wconf 81' lang='lat'><strong>182.</strong></span> 
     </span>
     <span class='ocr_line' id='line_1_34' title="bbox 136 3707 1264 3781; baseline 0.001 -20"><span class='ocrx_word' id='word_1_303' title='bbox 136 3713 211 3773; x_wconf 79' lang='lat'><strong>295);</strong></span> <span class='ocrx_word' id='word_1_304' title='bbox 237 3708 388 3776; x_wconf 69' lang='grc' dir='ltr'><strong>κμὲλεθρον</strong></span> <span class='ocrx_word' id='word_1_305' title='bbox 412 3716 555 3777; x_wconf 83' lang='lat' dir='ltr'><strong>cognatum</strong></span> <span class='ocrx_word' id='word_1_306' title='bbox 581 3716 623 3763; x_wconf 90' lang='lat' dir='ltr'><strong>est</strong></span> <span class='ocrx_word' id='word_1_307' title='bbox 641 3719 702 3763; x_wconf 89' lang='lat' dir='ltr'><strong>cum</strong></span> <span class='ocrx_word' id='word_1_308' title='bbox 720 3707 830 3776; x_wconf 79' lang='grc' dir='ltr'><em>καμάρα</em></span> <span class='ocrx_word' id='word_1_309' title='bbox 849 3725 881 3762; x_wconf 72' lang='lat' dir='ltr'><strong>cv.</strong></span> <span class='ocrx_word' id='word_1_310' title='bbox 902 3709 976 3763; x_wconf 86' lang='lat' dir='ltr'><strong>Ourt.</strong></span> <span class='ocrx_word' id='word_1_311' title='bbox 993 3725 1019 3777; x_wconf 90' lang='lat' dir='ltr'><strong>p.</strong></span> <span class='ocrx_word' id='word_1_312' title='bbox 1042 3714 1113 3772; x_wconf 73' lang='lat'><strong>134),</strong></span> <span class='ocrx_word' id='word_1_313' title='bbox 1132 3709 1202 3777; x_wconf 82' lang='grc' dir='ltr'><em>γνύα</em></span> <span class='ocrx_word' id='word_1_314' title='bbox 1220 3728 1264 3781; x_wconf 84' lang='lat' dir='ltr'><strong>sp.</strong></span> 
     </span>
     <span class='ocr_line' id='line_1_35' title="bbox 136 3785 1265 3857; baseline 0.003 -14"><span class='ocrx_word' id='word_1_315' title='bbox 136 3789 254 3843; x_wconf 83' lang='lat' dir='ltr'><strong>Theoor.</strong></span> <span class='ocrx_word' id='word_1_316' title='bbox 273 3804 324 3856; x_wconf 89' lang='lat' dir='ltr'><strong>pro</strong></span> <span class='ocrx_word' id='word_1_317' title='bbox 343 3785 429 3855; x_wconf 75' lang='grc' dir='ltr'><em>ἰγνύη.</em></span> <span class='ocrx_word' id='word_1_318' title='bbox 466 3789 560 3857; x_wconf 85' lang='lat' dir='ltr'><strong>Itaque</strong></span> <span class='ocrx_word' id='word_1_319' title='bbox 578 3790 621 3842; x_wconf 84' lang='lat' dir='ltr'><strong>vix</strong></span> <span class='ocrx_word' id='word_1_320' title='bbox 638 3789 723 3843; x_wconf 89' lang='lat' dir='ltr'><strong>ullum</strong></span> <span class='ocrx_word' id='word_1_321' title='bbox 741 3788 906 3857; x_wconf 86' lang='lat' dir='ltr'><strong>exemplum,</strong></span> <span class='ocrx_word' id='word_1_322' title='bbox 932 3788 1003 3856; x_wconf 88' lang='lat' dir='ltr'><strong>q&#39;uod</strong></span> <span class='ocrx_word' id='word_1_323' title='bbox 1021 3795 1130 3844; x_wconf 84' lang='lat' dir='ltr'><strong>nostrae</strong></span> <span class='ocrx_word' id='word_1_324' title='bbox 1147 3790 1187 3846; x_wconf 89' lang='lat' dir='ltr'>illi</span> <span class='ocrx_word' id='word_1_325' title='bbox 1205 3808 1265 3846; x_wconf 84' lang='lat' dir='ltr'><strong>sen-</strong></span> 
     </span>
     <span class='ocr_line' id='line_1_36' title="bbox 135 3868 1266 3938; baseline 0.004 -15"><span class='ocrx_word' id='word_1_326' title='bbox 135 3870 240 3923; x_wconf 82' lang='lat' dir='ltr'><strong>tentiae</strong></span> <span class='ocrx_word' id='word_1_327' title='bbox 266 3875 412 3938; x_wconf 82' lang='lat' dir='ltr'><strong>repugnet,</strong></span> <span class='ocrx_word' id='word_1_328' title='bbox 441 3868 573 3938; x_wconf 86' lang='lat' dir='ltr'><strong>reliquum</strong></span> <span class='ocrx_word' id='word_1_329' title='bbox 600 3875 654 3935; x_wconf 82' lang='lat' dir='ltr'><strong>est3</strong></span> <span class='ocrx_word' id='word_1_330' title='bbox 682 3884 745 3922; x_wconf 85' lang='lat' dir='ltr'><strong>nam</strong></span> <span class='ocrx_word' id='word_1_331' title='bbox 770 3869 879 3923; x_wconf 86' lang='lat' dir='ltr'><strong>nomina</strong></span> <span class='ocrx_word' id='word_1_332' title='bbox 904 3869 1044 3937; x_wconf 82' lang='lat' dir='ltr'><strong>peregrina</strong></span> <span class='ocrx_word' id='word_1_333' title='bbox 1071 3870 1137 3924; x_wconf 91' lang='lat' dir='ltr'><strong>nihil</strong></span> <span class='ocrx_word' id='word_1_334' title='bbox 1163 3871 1198 3926; x_wconf 82' lang='lat' dir='ltr'><strong>ad</strong></span> <span class='ocrx_word' id='word_1_335' title='bbox 1216 3890 1266 3928; x_wconf 89' lang='lat' dir='ltr'><strong>nos</strong></span> 
     </span>
     <span class='ocr_line' id='line_1_37' title="bbox 137 3950 285 4019; baseline -0.007 -15"><span class='ocrx_word' id='word_1_336' title='bbox 137 3950 285 4019; x_wconf 88' lang='lat' dir='ltr'><strong>pertinent.</strong></span> 
     </span>
    </p>
   </div>
   <div class='ocr_carea' id='block_1_8' title="bbox 0 0 1430 4776">
    <p class='ocr_par' dir='ltr' id='par_1_8' title="bbox 0 0 1430 4776">
     <span class='ocr_line' id='line_1_38' title="bbox 0 0 1430 4776; baseline 0 0"><span class='ocrx_word' id='word_1_337' title='bbox 0 0 1430 4776; x_wconf 95' lang='lat' dir='ltr'><strong> </strong></span> 
     </span>
    </p>
   </div>
  </div>
 </body>
</html>
