2828 4776
45 379 91 434 De
109 393 238 435 sonorum
257 377 453 443 affectionibus,
473 392 541 447 quae
558 377 746 448 percipluntur
763 379 792 432 in
810 377 871 435 dial.
890 377 1051 434 neoloorioa.
1088 377 1151 440 365

14 551 135 633 ternis,
165 568 248 633 quae
270 569 310 615 ex
332 569 482 614 sonorum
504 555 620 614 natura
641 556 831 633 nascantur,
858 557 1059 633 procreatum
1082 571 1153 618 esse
1238 534 1241 541 ²

14 648 173 715 arbitror.
217 648 353 712 Formae
381 646 479 728 igitur
507 653 633 712 veteres
662 644 807 729 duplices
838 645 958 724 οκύτος
981 653 1013 713 et
1042 646 1151 726 κύτος,

15 744 240 812 σκίδνασθαι
256 752 288 811 et
303 742 490 809 κίδνασθαι
504 749 576 825 oet,
600 741 705 807 ubist
726 743 962 811 vetustissimae
977 746 1154 813 sumendae

13 849 115 924 sunt,
147 843 297 908 videntur
325 848 449 907 tantum
478 841 599 906 similes
628 859 717 920 esse,
748 861 813 905 non
842 849 916 907 sunt
945 842 995 913 ff.
1027 843 1077 908 ΕΙ.
1101 843 1152 909 nt.

11 961 47 1024 p.
76 942 168 1016 645).
260 997 262 1002 .

109 1041 146 1120 g)
184 1035 202 1100 d
224 1035 576 1120 prothetioaiuvenitur
597 1035 631 1099 in
646 1034 829 1101 vocabulis:
851 1034 1054 1118 Asataneta,
1077 1037 1154 1121 Aja-

11 1132 128 1197 lmmz's
151 1155 208 1217 pro
221 1131 387 1218 Ἰάκωβος,
413 1132 503 1218 osolt
519 1154 578 1215 pro
595 1131 679 1213 οἴαξ.
724 1135 774 1200 De
789 1133 883 1199 huius
898 1133 1056 1217 prothesis
1078 1155 1155 1201 ana-

10 1231 113 1316 logia
137 1232 283 1314 pluribus
306 1233 374 1315 egit
396 1229 523 1297 Curtius
546 1231 596 1296 El.
619 1231 670 1295 Et.
693 1250 724 1314 p.
749 1235 820 1296 570.

558 1472 629 1544 §Z

472 1603 526 1667 De
547 1603 717 1665 metathesi.

111 1758 165 1822 De
187 1762 303 1821 natura
322 1755 520 1837 metathesis,
544 1775 627 1838 quae
642 1753 676 1819 fit
690 1755 723 1819 in
738 1756 852 1838 lingua
866 1757 1051 1838 recentiore,
1075 1758 1156 1824 nihil

10 1857 90 1925 iere
113 1853 194 1919 novi
215 1853 320 1918 habeo
344 1852 429 1935 quod
451 1852 567 1918 dioam.
610 1852 699 1917 Haeo
722 1853 806 1918 enim
829 1854 976 1919 similiter
997 1853 1031 1919 fit
1061 1862 1158 1937 atque

10 1954 50 2020 in
76 1953 198 2034 lingua
219 1956 329 2016 vetere
350 1951 490 2016 maxime
511 1949 566 2015 ubi
587 1970 607 2010 ο
629 1957 660 2014 et
682 1950 695 2010 l
715 1969 786 2014 oum
809 1951 882 2017 aliis
906 1952 1159 2017 oonsonantibus

10 2051 219 2119 ooniunutae
247 2055 331 2114 suut.
382 2047 582 2129 Quamquam
619 2053 791 2130 propterea
827 2048 911 2133 quod
939 2049 1157 2133 pronuntiatio

10 2166 180 2217 sonorum
202 2146 237 2210 in
259 2145 328 2212 dies
358 2145 520 2212 obscurior
544 2144 629 2210 faota
652 2150 709 2226 est,
737 2145 840 2220 maior
868 2145 1028 2228 quaedam
1057 2154 1158 2213 trans-

10 2243 174 2331 ponendi
201 2241 332 2308 lioentia
359 2243 393 2307 in
428 2241 587 2307 hodierna
623 2262 717 2325 quam
746 2242 781 2308 in
809 2250 919 2311 vetere
946 2244 1057 2327 lingua
1084 2265 1158 2310 oon-

10 2343 172 2430 spioitur.
505 2411 507 2414 Α

95 2499 101 2518 ,
158 2445 191 2516 ο)
235 2437 423 2502 Metathesis
444 2437 586 2519 liquidae
608 2459 626 2518 ρ
651 2440 712 2514 (ομ

112 2532 262 2621 περκνός
285 2541 317 2600 et
338 2533 483 2618 τριττάς
504 2533 603 2600 hodie
623 2533 753 2599 auditur
774 2541 809 2599 ut
821 2532 968 2618 μνοίαοάι,
993 2535 1159 2621 σκορπιός

12 2644 52 2703 nt
77 2632 249 2712 εΙινομίάο,
279 2632 451 2717 σκορπίζω
479 2638 515 2696 ut
541 2631 709 2716 alcropzao,
739 2632 929 2717 λειτουργία
959 2639 994 2699 ut
1025 2633 1158 2718 &trojia

14 2732 128 2799 ternos
156 2750 215 2814 pro
236 2727 370 2814 τρείός,
401 2727 521 2814 udrdfia
550 2749 607 2813 pro
635 2726 783 2816 άάέλφια
804 2760 846 2780 ==
868 2728 1030 2817 ἀδελφοί,
1052 2733 1158 2816 οίοίγο

13 2851 81 2916 pro
110 2831 252 2911 στέργω,
274 2824 458 2890 Ιιονίιόδίίοο
472 2847 530 2910 pro
546 2826 774 2910 κροκόδειλος,
798 2827 917 2891 tetradi
932 2847 990 2911 pro
1005 2827 1158 2913 τετάρτη,

11 2925 153 3010 prmrad
181 2944 239 3006 pro
267 2923 418 3007 πρωινός
447 2923 523 3011 (όν),
551 2927 688 3010 pomeri
713 2946 771 3008 pro
802 2937 940 3008 πρῖνος,
965 2926 1159 3008 μοι’άοοίοίιι)

13 3045 83 3110 pro
109 3018 321 3106 πυροβόλον,
352 3022 486 3106 yroao'zo
510 3043 567 3106 pro
589 3021 758 3105 γνωρίζω,
787 3021 969 3100 ίιοιτιίοχίίο
989 3042 1048 3104 pro
1071 3045 1159 3086 κονι-

14 3118 140 3209 ορτός,
164 3118 275 3199 οχίιτιά
299 3127 331 3185 et
350 3121 442 3199 χίαιά
465 3140 522 3204 pro
545 3119 655 3198 ατχίοό
677 3148 719 3167 ==
741 3113 897 3200 ἄρχομαι.

116 3217 233 3299 ἕλμινς
254 3217 481 3299 pronuntiatur
502 3221 537 3280 ut
560 3216 667 3277 ίιοίθο
689 3232 732 3280 ex
753 3214 895 3277 demenda
903 3212 937 3298 1),
959 3214 1097 3278 ίοοίοθο.

114 3337 163 3380 m:
208 3311 324 3395 άμνός,
348 3310 511 3397 άμιάριον
533 3308 757 3395 pronuntiatur
779 3316 814 3375 ut
834 3311 1035 3387 manardus).

161 3411 197 3496 b)
227 3433 247 3474 r
268 3409 429 3477 interdum
446 3409 657 3494 hyperthesin
678 3408 712 3472 in
728 3408 825 3473 aliam
840 3409 1000 3492 syllabam
1016 3409 1144 3491 patitur.

115 3507 407 3595 Ιινοοιάοίάχοοομ)
436 3507 521 3572 enim
551 3504 775 3590 (compositum
794 3525 850 3571 ¹eu
878 3503 1010 3591 κράμβη
1042 3512 1074 3571 et
1100 3504 1160 3569 λά-

11 3613 145 3694 χανον)
176 3604 274 3671 hod-ie
303 3603 528 3687 pronuntiatur
563 3610 599 3667 ut
627 3601 927 3687 Ιιοοιὸνοίάχοοομ),
958 3600 1092 3686 άμέλγιο
1125 3609 1162 3667 ut

15 3706 171 3790 urmdyo,
194 3705 312 3785 πίκρα,
334 3706 457 3787 πικρία
478 3708 514 3765 ut
532 3698 639 3785 polea,
660 3697 776 3784 μοι’ίαὶί,
799 3697 929 3786 τάφρος
951 3707 985 3766 ut
1007 3699 1105 3781 traso.

101 3893 122 3958 ¹)
160 3905 187 3940 m
204 3888 326 3942 mutatur
342 3885 371 3941 in
389 3904 404 3938 v
422 3884 503 3941 etiam
519 3882 563 3938 hie
580 3882 610 3936 in
626 3881 780 3937 vocabulis:
799 3881 894 3934 uiadno
911 3898 961 3952 pro
969 3881 1075 3955 μοζάω,
1095 3902 1158 3936 vur-

15 3971 114 4032 aukr'd
132 3983 185 4040 pro
202 3966 352 4038 μορμοκιά,
366 3965 450 4036 gavia
465 3979 517 4034 pro
534 3961 628 4033 κημός,
646 3961 713 4016 aava
731 3979 781 4033 pro
799 3960 898 4034 μάμμη
918 3963 1063 4035 (Harpen).
