2828 4776
544 336 576 391 de
594 338 735 393 metathesi
752 353 858 406 graeca.
1046 408 1048 410 ,
1200 339 1260 401 175

138 507 218 592 apud
235 506 437 591 Sophronam
454 516 486 574 et
500 509 646 576 Lacones
662 517 731 596 erat
746 507 940 593 έμβραμένα
960 515 1018 587 ,lex
1033 509 1259 596 *έ-μραμενα)

136 627 189 691 pro
206 604 403 692 εἱμαρμένη.
449 604 494 671 Os.
512 606 669 691 Hesyoh.:
686 605 898 693 έμβραμένρ·
923 607 1118 696 εἱμαρμένη,
1135 609 1260 697 έμβρα-

134 721 203 769 ται·
228 703 395 787 εἵμαρται,
420 700 647 786 ἐμβραμένον·
664 704 874 786 εἱμαρμένον,
890 710 1124 789 βεβραμένιον·
1142 706 1259 792 εἱμαρ-

135 807 254 885 μένων,
277 821 308 866 v.
332 800 410 864 Ahr.
434 798 501 864 dor.
526 804 597 865 349.

219 902 271 963 94.
295 902 444 984 στρέφος
472 920 529 982 pro
558 900 645 981 vulg.
676 904 824 985 astemoe
851 901 996 983 pellis,
1026 923 1056 967 v.
1079 902 1171 967 Phot.
1195 902 1258 968 len.

133 1019 163 1082 p.
182 1001 245 1063 543
269 1003 301 1062 et
323 995 479 1080 Hesyeh'.:
505 1001 667 1083 στρέφος·
693 1001 853 1081 στρέμμα,
880 996 1029 1081 δέρμα,
1053 997 1162 1083 βύρσα
1184 1003 1260 1063 Λιο-

134 1106 221 1178 ριεῖς
245 1093 335 1172 (Lob.
357 1094 470 1160 Rhem.
487 1097 572 1169 302).
618 1094 746 1160 Vooalis
765 1093 886 1161 inserta
902 1102 950 1161 est
965 1096 997 1160 in
1014 1097 1080 1180 adj.
1097 1101 1259 1182 οτέριφος

133 1192 271 1257 αιτιοι.
298 1222 301 1232 =

219 1292 270 1353 95.
300 1285 463 1369 έμπρεον·
493 1286 656 1371 έμτιειρον
689 1309 754 1354 non
785 1288 895 1355 dubito
925 1291 1001 1373 quin
1025 1291 1066 1356 ab
1096 1290 1259 1374 Hesyehio

134 1392 222 1453 reete
244 1384 396 1451 traditum
419 1387 469 1451 sit.
514 1384 592 1450 Cum
616 1385 701 1452 enim
725 1387 948 1471 antiquissima
963 1388 1066 1454 forma
1087 1385 1257 1471 *ἐμ-ιτερ-

127 1484 205 1569 joe
238 1489 322 1550 esset
351 1482 431 1562 (rad.
454 1507 520 1567 ντερ
549 1483 583 1548 in
611 1481 824 1568 έμττέραμον·
848 1485 1011 1570 έμττειρον
1041 1485 1180 1570 Hesyeh.
1204 1486 1257 1566 al,

133 1582 171 1648 ei.
194 1583 252 1647 lat.
271 1581 446 1666 perieulum
469 1587 529 1646 eet.
553 1580 638 1646 (iuri.
662 1602 693 1665 p.
710 1586 795 1665 256),
820 1581 968 1667 έμιιρεος
986 1584 1031 1649 ita
1054 1591 1156 1648 ortum
1172 1580 1259 1647 vide·

133 1686 200 1761 tur,
230 1686 265 1744 ut
294 1698 332 1745 eo
361 1684 520 1762 tempore,
551 1699 613 1762 quo
641 1680 753 1763 lingua
776 1681 900 1748 Graeca
915 1681 939 1766 j
958 1683 1097 1748 litteram
1121 1679 1258 1763 primum

134 1775 301 1861 aspernari
325 1776 439 1860 eoepit,
462 1777 496 1841 in
520 1776 657 1842 dioleoto
675 1778 785 1861 aliqua
799 1801 864 1845 non
889 1805 900 1844 ι
924 1779 1090 1864 epenthesi
1105 1781 1138 1843 in
1154 1777 1260 1860 proxi-

134 1895 219 1940 mam
243 1874 403 1960 syllabam
419 1875 642 1941 transferretur
649 1911 696 1923 »-
707 1877 866 1957 quomodo
885 1876 1047 1961 ’ἔμπειρος
1062 1878 1166 1941 forma
1180 1880 1258 1939 nata

134 1980 246 2040 est-
269 1971 327 2038 sed
350 1995 368 2054 ρ
392 1971 566 2056 anticipato
589 1969 788 2057 *έιιιιρε]ὀς,
812 1972 961 2060 ἐ’μττρεος
983 1975 1134 2058 prodiret.

218 2072 258 2133 95
268 2069 299 2134 b.
338 2068 491 2153 Hesyohii
505 2071 646 2153 glossam
662 2068 786 2152 κρύμα·
810 2067 938 2157 εὕρημα
954 2072 1137 2138 Lobeekius
1151 2090 1183 2153 p.
1197 2073 1255 2132 501

135 2187 206 2233 eum
237 2165 412 2232 editoribus
427 2175 620 2251 -oorruptam
643 2173 743 2250 putat.
788 2168 852 2234 Sed
875 2168 1158 2248 subdubitauerim,
1181 2186 1257 2230 num

134 2266 181 2330 illi
212 2271 300 2329 reete
323 2265 500 2329 statuerint.
546 2265 629 2329 Nam
660 2284 702 2329 ue
723 2265 900 2330 litterarum
924 2266 1068 2332 ordinem
1090 2301 1132 2311 -
1155 2283 1173 2329 e
1196 2283 1257 2345 quo

133 2361 222 2428 haud
246 2361 344 2427 dubie
359 2359 468 2445 κύρμα
483 2363 537 2427 vel
553 2360 694 2449 κύρημα,
713 2362 798 2444 quod
813 2364 861 2427 illi
877 2364 1049 2447 legendum
1064 2366 1257 2447 proponunt,

133 2480 198 2526 non
224 2460 287 2524 hue
307 2459 448 2542 pertinet
469 2495 511 2506 —
532 2460 628 2525 nimis
651 2480 805 2542 premam,
828 2462 1032 2545 respicienda
1052 2460 1179 2527 videtur
1193 2458 1259 2522 aliu

135 2559 245 2640 glossa
273 2554 469 2642 ἒνέκροσεν·
503 2556 730 2641 προσέβαλεν,
760 2555 913 2642 ἐπέσχεν,
943 2559 976 2625 iu
1000 2579 1063 2642 qua
1090 2576 1203 2624 vereor
1224 2561 1259 2619 ut

135 2653 315 2720 Salmasius
338 2662 424 2720 reete
438 2652 632 2736 ἐνέκροοσεν
649 2655 819 2739 scripserit,
843 2658 992 2740 quoniam
1009 2658 1072 2723 duo
1086 2658 1143 2722 illa
1157 2653 1258 2720 verba

134 2749 320 2835 explicandi
349 2771 444 2817 eausa
467 2751 579 2817 addita
600 2753 633 2816 vi
655 2752 858 2820 intransitiva
880 2757 1011 2840 propius
1033 2754 1077 2821 ad
1100 2751 1256 2834 ἐνέκυρσε

131 2849 300 2915 aoeedunt.
343 2850 454 2914 Malim
477 2850 519 2914 M.
542 2848 719 2916 Schmidtio
742 2851 917 2919 ooneedere
932 2854 1171 2936 hauoglossam
1187 2870 1257 2914 oum

134 2967 181 3029 ea,
207 2964 290 3030 quae
312 2945 493 3030 praeeedit:
518 2945 710 3034 ένέκοροεν·
734 2947 884 3031 ἐνέτυχεν
901 2970 972 3017 esse
988 2948 1256 3032 coniungendam.

133 3045 178 3110 Ae
210 3043 279 3109 fieri
309 3063 388 3109 sane
417 3045 535 3127 potuit,
565 3053 600 3110 ut
622 3046 743 3113 similes
765 3049 892 3130 glossae
915 3047 1024 3132 κύρμα
1048 3055 1079 3114 et
1101 3045 1255 3130 ἐνέκυρσε

133 3141 270 3207 similem
294 3144 507 3225 oorrnptelam
529 3143 703 3210 traherent.

217 3239 309 3320 Alia,
340 3258 422 3321 quae
452 3240 548 3306 etiam
578 3241 750 3307 incertiora
779 3250 868 3324 sunt,
893 3244 1017 3325 omitto,
1041 3243 1181 3307 maxime
1203 3261 1257 3305 no-

134 3338 220 3403 mina
242 3338 372 3420 propria
395 3344 430 3403 ut
447 3338 668 3422 Τερμίλαι-
688 3339 860 3424 Τρεμίλαι,
883 3344 1032 3423 Βέρμιον
1048 3356 1091 3386 4-
1107 3343 1255 3423 Βρέμιον

134 3436 212 3500 sim·
241 3445 283 3511 (ν.
307 3434 529 3513 Lobeokium).
589 3437 628 3499 In
656 3435 704 3501 eis
737 3456 835 3519 saepe
872 3436 1094 3502 difficillimum
1131 3442 1180 3502 est
1212 3436 1257 3500 iu-

135 3531 251 3612 dieare,
276 3531 353 3613 quid
377 3533 537 3598 erroribus
559 3533 628 3597 sive
650 3533 838 3616 scriptorum
860 3534 928 3599 sive
943 3533 1154 3616 librariorum,
1179 3533 1256 3614 quid

133 3628 298 3696 fluctuanti
328 3630 482 3711 loquendi
513 3631 736 3696 consuetudini
765 3631 806 3697 sit
835 3631 1048 3696 tribuendum.
1099 3632 1149 3696 Ne
1177 3628 1257 3696 fides

133 3743 252 3809 eorum,
277 3745 359 3808 quae
382 3726 422 3792 de
437 3727 624 3793 metathesis
640 3728 765 3793 ratione
781 3728 982 3811 exponimus,
1005 3728 1254 3810 imminueretur,

131 3825 227 3890 etiam
257 3825 432 3905 voeabula,
463 3844 596 3907 quorum
626 3832 756 3910 etymon
785 3824 927 3890 nondum
950 3826 1152 3892 enueleatum
1175 3845 1255 3907 esse,

128 3924 181 3989 vel
209 3923 244 3986 in
275 3921 388 4003 quibus
419 3922 606 3988 metathesis
633 3922 768 3990 fortasse
797 3923 983 4006 priusquam
1007 3943 1122 4006 graeca
1144 3924 1256 4006 lingua
