2828 4776
142 329 204 392 306
656 329 759 384 Ermun

142 505 274 589 plenam
296 502 486 568 nominativi
509 501 697 586 scripturam
724 502 759 566 iu
786 503 887 569 titulis
916 503 1036 569 nostris
1058 502 1170 584 habes,
1199 522 1259 568 eum

141 603 175 667 in
198 599 404 667 Chalcidensi
427 603 468 677 (3.
492 597 526 664 C.
549 598 575 662 Ι.
599 598 638 664 G.
662 603 756 674 7460)
779 600 904 684 legatur
925 599 1066 686 Ξανθῴ.

229 704 258 763 5.
304 697 429 782 Stirpoo
450 699 481 759 io
505 719 526 761 σ
548 705 699 758 eooootos
720 697 754 763 in
776 698 883 764 ionica
904 699 994 765 utin
1016 698 1118 764 attica
1135 697 1262 765 dialecto

140 796 223 863 illud
251 819 272 861 o
301 804 377 862 aute
405 795 534 860 vooales
563 794 696 860 elidunt
741 795 908 861 Vooaiium
944 803 1053 862 autem
1090 815 1263 874 oonoursus,

143 894 196 979 qui
218 893 295 960 iude
317 894 468 975 nascitur,
498 893 534 958 in
562 893 659 959 attica
688 892 827 960 dialecto
849 895 984 977 ubique,
1006 895 1041 959 in
1064 893 1146 959 Iade
1168 894 1264 977 qualis

142 993 252 1076 quinto
275 991 335 1056 fuit
355 991 485 1057 saeoulo
516 1010 673 1073 nusquam
695 992 912 1058 contractione
933 999 1127 1059 removetur.
1175 989 1264 1056 Gono-

136 1093 223 1178 to'ooa
242 1089 340 1172 igitur
361 1089 472 1171 quinto
495 1089 623 1154 saeoulo
646 1090 679 1154 in
703 1113 759 1167 εας
781 1090 981 1172 terminatur,
1006 1089 1094 1172 quod
1116 1111 1183 1156 non
1198 1097 1264 1156 ante

142 1187 284 1254 medium
312 1187 475 1253 saeoulum
505 1193 653 1268 quartum
678 1187 713 1252 in
746 1211 803 1264 εας
839 1196 1037 1255 oounaotum
1066 1207 1141 1255 esse
1176 1208 1264 1272 supra

141 1285 291 1352 vidimus.
336 1286 542 1347 Aooosotiooa
563 1286 732 1368 siopolurr‘s
760 1306 826 1351 non
848 1285 910 1353 nisi
931 1286 965 1351 in
988 1285 1082 1355 titulo
1105 1287 1263 1352 Tralliano

143 1383 286 1464 obcurrit,
308 1382 363 1447 ubi
379 1389 578 1448 eontraotum
593 1383 731 1466 legimus
746 1380 852 1469 ἐξώλη
869 1387 945 1465 (27),
970 1383 1056 1467 quod
1071 1383 1161 1449 baud
1178 1383 1263 1450 dubie

141 1482 273 1546 attioum
296 1485 354 1545 est.
399 1482 618 1542 Accusatioom
636 1481 774 1564 pluralis
795 1487 845 1548 ter
866 1503 932 1548 non
954 1487 1155 1548 contractum
1177 1483 1264 1548 habe·

142 1599 227 1660 mus,
258 1578 292 1642 in
314 1576 405 1642 titulo
429 1579 509 1644 Teio
533 1581 596 1659 (13,
620 1581 673 1655 38)
697 1574 850 1664 ἀφανέας
880 1580 967 1644 etin
989 1578 1186 1664 Olynthiaeo
1208 1583 1263 1657 (26)

59 1699 61 1703 ’
143 1674 230 1754 ἔτεα,
252 1673 359 1744 τέλεα.

229 1776 258 1837 6.
304 1770 473 1835 Nominum
486 1775 693 1858 propriorum
716 1795 784 1836 oum
800 1774 897 1851 κλέος
913 1776 1157 1858 compositorum
1175 1778 1262 1839 aomi-

142 1872 264 1933 ooto'oos
285 1888 349 1951 quo
375 1892 416 1938 ex
431 1879 576 1957 tempore
598 1871 767 1955 asingulis
782 1873 896 1938 Ionum
918 1873 1069 1956 gentibus
1092 1879 1263 1940 eontraotus

143 1972 192 2052 sit,
216 1991 314 2055 supra
335 1969 484 2052 vidimus,
507 1989 579 2035 oum
602 1968 643 2035 de
665 1970 884 2035 contractione
906 1968 1155 2053 disputaremus.

231 2067 404 2140 Genetioor,
429 2068 517 2134 ouius
541 2067 691 2150 exempla
711 2066 747 2131 in
770 2066 872 2134 titulis
894 2067 992 2134 obvia
1013 2089 1112 2153 supra
1135 2076 1179 2154 (p.
1199 2073 1261 2148 292)

142 2166 344 2249 contulimus,
367 2165 446 2232 eliso
469 2166 604 2232 alteros
627 2165 661 2230 in
680 2164 777 2241 κλέος
791 2166 1032 2250 terminabatur,
1056 2167 1143 2249 quod
1166 2168 1261 2235 medio

143 2267 271 2334 saeeulo
294 2270 407 2348 quarto
429 2263 463 2329 in
486 2263 583 2340 κλεῦς
606 2262 752 2328 contrahi
775 2263 911 2330 solebat.

228 2363 268 2427 In
290 2365 465 2425 ooouaotioo
494 2380 620 2444 quoque
649 2380 667 2426 e
696 2360 795 2425 κλέεα
818 2381 915 2426 unum
939 2386 954 2426 ε
979 2361 1094 2428 elisum
1117 2367 1198 2446 esse,
1225 2364 1262 2428 ita

8 2489 11 2495 ·
66 2430 68 2434 v
143 2469 178 2527 ut
198 2461 303 2525 forma
332 2459 412 2525 κλέα
441 2465 642 2539 nasceretur,
674 2464 706 2524 et
729 2458 884 2524 Herodoti
906 2479 981 2524 usus
1011 2467 1043 2525 et
1063 2461 1177 2527 titulus
1198 2461 1261 2526 Am·

55 2630 61 2642 ,
142 2555 487 2643 ρὴίρολίλκιιιιε·ᾰοαθλ,
510 2557 544 2621 in
566 2576 628 2639 quo
651 2555 862 2639 Στρατοκλέα
885 2559 948 2638 (25,
973 2559 1005 2634 2)
1026 2557 1175 2641 legimus.

228 2653 409 2738 Singularis
442 2654 551 2737 quiin
573 2655 675 2731 titulis
698 2652 890 2737 quibusdam
912 2653 1100 2738 Smyrnaeis
1122 2659 1262 2723 recentis·

139 2752 231 2833 simis
253 2752 388 2817 ooeurrit
410 2752 611 2818 aoousativus
633 2752 667 2818 in
690 2751 772 2836 κλῆν
795 2751 986 2836 (Mareotin
1009 2751 1043 2818 Ο.
1065 2752 1090 2818 Ι.
1109 2755 1147 2820 G.
1172 2757 1261 2836 32383

143 2849 283 2935 Σωκλῆκ
308 2847 342 2914 0.
365 2848 390 2912 Ι.
415 2849 453 2915 G.
477 2853 572 2926 3241)
601 2849 716 2914 attious
744 2848 843 2915 inisse
870 2848 1007 2915 traditur
1039 2851 1074 2915 in
1097 2851 1262 2918 Theodosii

143 2945 320 3013 senonibus
343 2946 380 3021 (Ι.
397 2946 541 3013 Bekkeri
565 2947 730 3014 Aneodota
746 2945 935 3013 Graeoa'II.
948 2968 979 3030 p.
997 2950 1075 3014 980:
1096 2945 1261 3034 Ἡρακλέα,

140 3040 295 3131 Ἡρακλῆ,
320 3045 377 3109 καὶ
392 3039 550 3122 Ἀττικῶς
569 3041 758 3131 Ἡρακλῆα).
803 3045 841 3110 In
864 3044 958 3131 titulo
981 3049 1065 3111 3256
1080 3048 1262 3133 Δημοκλῆκ,

142 3164 208 3209 non
230 3142 438 3228 Δημακλέην,
465 3141 551 3224 quod
573 3143 757 3209 Boeokhius
779 3164 877 3209 unum
898 3143 1123 3227 apographum
1145 3151 1262 3211 secutus

142 3239 295 3322 restituit,
330 3238 502 3322 legendum
527 3259 598 3306 esse
629 3241 804 3307 verisimile
826 3248 884 3308 est.
929 3241 1016 3306 Illud
1039 3243 1126 3307 enim
1149 3251 1181 3309 et
1202 3263 1262 3327 per·

144 3339 245 3421 multi,
270 3338 323 3421 qui
344 3343 442 3402 antea
464 3337 592 3402 titulum
616 3337 862 3423 descripserunt,
886 3344 1045 3405 testantur
1067 3346 1099 3405 et
1121 3342 1262 3424 analogia

142 3437 315 3502 formarum
337 3434 524 3520 Μενεκλῆν,
548 3434 685 3521 Σωκλῆν
708 3441 822 3502 tuetur.

436 3677 454 3750 δ
484 3676 533 3736 19.
577 3673 636 3738 ΒΕ
658 3674 980 3770 NUMERALIBus.

228 3808 355 3873 Pauoae
383 3828 465 3890 quae
494 3809 528 3874 in
557 3810 657 3875 titulis
692 3816 860 3877 ooourrunt
895 3811 1121 3894 pronominum
1149 3814 1259 3878 formae

144 3903 225 3969 nihil
246 3912 358 3971 notatu
382 3905 514 3989 dignum
534 3907 699 3992 praebent.
715 3944 758 3955 -
773 3908 862 3974 Inter
876 3910 1057 3976 numeralia
1071 3931 1167 3976 unum
1184 3906 1259 3975 iooiss
