2828 4776
450 357 492 413 De
509 357 650 413 titulorum
668 357 818 416 ionicorum
837 358 959 414 dialecto.
1209 358 1272 422 289

141 531 229 596 cedit
250 529 364 595 vocali.
388 563 392 570 ·
410 529 504 609 Quod
531 515 596 595 non
626 531 672 595 ita
700 529 856 597 sehabet
882 529 918 594 in
940 551 1004 596 una
1026 531 1109 596 tituli
1131 533 1218 599 Parii
1241 540 1272 605 et

140 631 174 693 in
198 628 300 693 tribus
315 626 400 692 tituli
416 627 648 693 Halicarnassii
670 626 789 710 formis,
814 647 896 710 quae
914 648 985 694 meo
1002 629 1132 711 quidem
1153 631 1272 698 iudicio

140 726 221 792 satis
243 726 355 790 valent
377 722 419 788 ad
441 723 653 790 refellendam
676 731 776 790 totam
799 745 881 807 quae
903 725 1009 792 adbuc
1030 728 1185 810 probatur
1201 729 1273 814 opi·

140 824 288 903 nionem,
319 822 346 887 si
375 820 470 886 modo
500 841 613 889 revera
639 823 673 887 in
702 821 811 905 lapido
840 829 924 888 sunt.
976 821 1069 902 Quod
1098 825 1272 907 quidema

140 922 293 986 Rennero
315 920 349 983 in
365 917 498 983 dubium
512 925 661 985 vocatum
678 927 736 1001 est,
759 939 830 986 cum
846 919 932 986 dicat
947 920 1001 1005 (ll,
1018 942 1049 1004 p.
1066 924 1136 998 39):
1158 922 1271 1006 „Octo-

139 1039 211 1084 rum
233 1018 268 1082 in
291 1036 446 1083 summam
469 1017 681 1099 suspicionem
705 1018 785 1082 mihi
805 1017 894 1085 venit
915 1017 996 1083 haec
1016 1018 1118 1086 forma
1141 1019 1288 1094 (intuo--

140 1115 235 1198 λεῖν),
266 1134 336 1180 cum
358 1114 392 1180 in
414 1114 487 1180 aliis
509 1114 753 1181 formationibus
775 1116 890 1182 solutio
913 1122 1086 1200 appareat,
1116 1116 1220 1200 facile,
1244 1119 1271 1185 si

140 1212 220 1296 quid
242 1212 354 1293 video,
383 1210 526 1294 lapicida
547 1211 580 1276 in
604 1209 763 1278 ἐπικαλεν
787 1214 844 1290 (sic
866 1213 1020 1296 scripturn
1043 1216 1103 1290 est)
1132 1235 1231 1280 unum
1254 1240 1270 1283 ε

140 1310 288 1376 omittere
321 1315 457 1393 poterat.
508 1309 599 1375 Idem
633 1308 839 1375 iudicandum
874 1311 934 1377 erit
973 1310 1013 1377 de
1046 1311 1149 1377 forma
1176 1314 1198 1378 l.
1230 1317 1270 1379 23

141 1402 205 1495 [ἢν]
233 1405 271 1473 δέ
286 1431 338 1483 τις
361 1404 516 1492 ἐπικαλῇ,
540 1407 729 1492 praesertim
745 1427 815 1474 cum
831 1415 899 1474 tota
914 1408 1042 1475 sinistra
1055 1410 1271 1493 inscriptionis

139 1526 217 1591 pars
240 1504 407 1571 Newtonis
429 1524 525 1569 mann
549 1504 709 1588 descripta
731 1506 788 1584 sit,
818 1511 850 1572 et
878 1505 948 1589 ipse
977 1526 1012 1573 se
1040 1527 1269 1590 nonnunquam

140 1623 269 1670 errasse
290 1600 507 1687 profiteatur“.

229 1699 351 1778 Quibus
372 1699 453 1764 haec
474 1698 540 1765 iere
563 1693 870 1784 opponenda'sunt:

231 1803 260 1871 ll
284 1796 450 1865 Contendo
479 1816 585 1880 neque
610 1798 644 1862 in
674 1797 766 1862 titulo
798 1805 907 1864 nostro
936 1818 1041 1882 neque
1061 1801 1095 1864 in
1117 1801 1184 1867 ullo
1205 1801 1270 1867 alio

138 1895 315 1962 vetustiore
338 1893 493 1977 (exceptis
515 1894 591 1961 solis
612 1895 713 1962 titulis
734 1895 897 1972 Euboicis)
921 1903 1047 1962 exstare
1068 1899 1270 1982 vocabulum,

138 1994 176 2059 in
199 2013 261 2076 quo
285 2016 301 2057 ε
324 2012 395 2057 cum
418 1993 563 2074 sequenti
586 2017 612 2074 ε,
637 2016 667 2078 p,
692 2016 723 2058 ει
745 2013 810 2058 non
833 1994 875 2058 sit
897 1999 1104 2059 contractum.

229 2093 260 2164 2)
276 2090 370 2155 Nova
382 2089 466 2154 tituli
482 2088 580 2155 editio
592 2089 777 2171 accuratior,
790 2089 823 2155 in
839 2110 903 2172 qua
915 2091 1044 2158 sinistra
1060 2112 1185 2175 quoque
1195 2113 1272 2177 pars

139 2186 257 2254 eadem
280 2207 343 2269 qua
366 2187 482 2253 dextra
504 2186 603 2270 digua
624 2194 673 2254 est
694 2187 891 2269 auctoritate,
919 2195 1115 2255 contractam
1137 2189 1271 2257 formam

139 2283 291 2370 ἐπικαλῇ
314 2284 488 2350 confirmat.

229 2386 261 2458 3)
283 2381 401 2447 Forma
430 2389 594 2449 contracta
616 2386 830 2470 acciacum,
863 2402 934 2448 cum
963 2383 1138 2450 certissime
1166 2384 1209 2451 sit
1235 2386 1270 2451 in

138 2478 262 2563 lapide,
286 2499 352 2544 non
374 2480 529 2562 intellego
551 2499 607 2546 cnr
629 2500 649 2545 a
670 2481 818 2547 Rennerc
841 2499 971 2563 prorsus
992 2481 1035 2546 sit
1056 2483 1213 2564 neglecta.
1236 2536 1240 2541 .

132 2568 136 2573 ’
229 2581 260 2651 4)
282 2577 333 2642 Ab
357 2578 443 2642 omni
467 2576 745 2644 verisimilitudine
766 2577 933 2659 abhorret,
964 2585 1012 2643 ter
1041 2579 1215 2662 lapicidam
1237 2578 1271 2645 in

139 2674 257 2743 eodem
279 2674 373 2739 titulo
397 2674 535 2740 eundem
558 2675 755 2741 commisisse
778 2676 933 2741 errorem!

230 2776 259 2849 5)
282 2771 382 2836 Tituli
404 2772 490 2837 Parii
513 2771 615 2837 forma
637 2793 657 2838 a
679 2773 827 2838 Renncro
850 2773 999 2855 neglecta
1022 2780 1079 2839 est.

228 2868 319 2948 Quae
334 2888 405 2934 curn
427 2868 474 2933 ita
496 2869 569 2951 sint,
593 2877 684 2936 extra
699 2889 826 2936 omnem
847 2877 897 2936 est
918 2870 1160 2954 dubitationem,
1184 2873 1271 2939 urbis

139 2966 364 3033 Halicarnassi
391 2985 452 3032 nec
481 2988 547 3033 non
574 2968 700 3034 insulae
721 2967 796 3033 Pari
819 2966 991 3033 dialectum
1014 2967 1120 3035 medio
1143 2971 1271 3037 saeculo

140 3064 253 3147 quinto
275 3063 309 3128 in
331 3063 438 3130 verbis
461 3065 631 3131 contractis
653 3064 687 3129 in
711 3088 755 3130 εω
779 3064 969 3130 exeuntibus
992 3088 1008 3129 ε
1032 3085 1103 3130 cum
1125 3068 1271 3149 sequenti

140 3186 171 3242 e,
194 3186 226 3247 η,
251 3184 282 3226 ει
309 3160 343 3224 in
373 3181 471 3225 unum
504 3161 718 3242 contraxisse,
750 3160 921 3227 dialectum
943 3161 1121 3243 Milesiam,
1151 3164 1178 3228 si
1206 3183 1272 3228 non

140 3278 255 3324 omncs
278 3258 435 3323 eiusmodi
456 3258 575 3324 formas
582 3307 591 3340 ,
615 3266 722 3324 tamen
745 3276 817 3341 eas,
841 3258 874 3322 in
897 3258 1012 3339 quibus
1034 3259 1129 3324 tertia
1150 3259 1271 3325 vocalis

139 3357 210 3423 illis
232 3355 457 3422 antecedebat.
1068 3352 1071 3363 '

230 3451 352 3532 Quodsi
374 3452 513 3536 denique
534 3452 625 3518 initio
647 3452 731 3518 tituli
747 3450 931 3536 Olynthiaci
954 3451 1135 3519 testimonio
1158 3472 1272 3519 renun-

139 3551 239 3632 tiavi,
269 3550 330 3618 feci
352 3557 387 3616 nt
409 3550 598 3616 temeritatis
621 3551 740 3616 crimen
764 3552 909 3615 vitarem.
955 3548 1140 3615 Notandum
1163 3558 1271 3618 tamen

141 3656 207 3731 est,
242 3649 368 3715 titulum
391 3648 493 3730 illum,
523 3647 627 3731 primo
655 3647 759 3730 quarti
788 3646 909 3713 saeculi
931 3645 1087 3712 decennio
1109 3647 1271 3731 scriptum,

140 3767 242 3811 unum
265 3752 389 3812 tanturn
412 3745 532 3810 habere
555 3752 676 3811 certum
699 3743 939 3828 depravationis
962 3742 1147 3826 vestigium,
1170 3745 1216 3811 ita
1238 3752 1273 3812 nt

141 3843 262 3927 lorma,
286 3842 424 3927 quaein
447 3861 485 3907 eo
509 3843 658 3924 occurrit,
683 3841 776 3927 δοκῇ,
810 3861 880 3908 cum
911 3861 1029 3925 magna
1058 3841 1272 3910 verisimilitu-

143 3941 220 4008 dine
244 3949 277 4007 ct
298 3940 370 4025 ipsa
391 3939 498 4006 ionica
521 3940 563 4007 sit
584 3938 768 4006 iudicanda.
