2828 4776
485 339 518 393 de
536 340 677 396 metathesi
693 359 800 411 graeca.

162 506 369 593 ἅνέκναψαν·
393 508 566 590 ἀνέλυσαν,
590 509 791 598 ἀνέκαμψαν
814 515 953 600 Hesych.

161 605 318 691 μνάπτει·
341 606 487 690 κάμπτει

160 711 345 792 γναφῇναι·
367 705 568 792 κλασθῆναι,
592 713 795 795 καμφθῆναι

144 800 322 888 Ὶὲγναψεν·
347 800 509 885 ἔκαμψεν,
534 802 671 869 ’ἔπεισεν

162 897 376 983 ἒπέγναψαν·
399 898 678 979 ἐπικατέκλασαν,
703 899 925 985 ἐπέγναμιμαν
948 904 1026 968 ibid.

109 1015 154 1061 ras
186 998 312 1078 glossas
344 1006 449 1065 tuctur
470 999 541 1063 EM.
565 1001 637 1080 236,
663 1004 717 1063 10:
755 997 916 1083 μνάμνιιω
954 998 992 1065 ἐκ
1028 1008 1088 1066 τοῦ
1118 1000 1205 1083 κάμ·

109 1115 160 1158 ιω.
196 1093 350 1181 §laques
382 1093 418 1161 δὲ
441 1104 514 1172 τοῖς
537 1094 699 1171 παλαιοῖς
721 1095 831 1179 λέγειν
854 1094 991 1180 γνάπτω

203 1189 403 1279 ἀνεγνάφθη
429 1191 464 1258 δὲ
489 1191 522 1256 οἱ
545 1190 647 1278 αἰχμή
803 1199 845 1272 (Γ
865 1196 937 1269 348)

160 1284 238 1353 ἄνευ
261 1295 321 1353 τοῦ
343 1314 376 1371 μ,
400 1291 456 1354 καὶ
556 1313 560 1333 ¹

203 1384 396 1470 ἒιιέγναψεν
419 1385 482 1471 μὰρ
506 1383 658 1462 ἅπαντας
814 1391 856 1463 (Β
881 1391 931 1464 14)

109 1478 120 1544 1'.
150 1483 192 1547 de
220 1483 272 1549 his
294 1482 403 1550 formis
425 1485 528 1548 virum
552 1482 679 1549 doctum
703 1482 738 1546 in
761 1483 895 1549 Miscell.
919 1486 1044 1551 observ.
1067 1486 1130 1549 vol.
1153 1486 1203 1551 IX

113 1581 201 1663 '1183
225 1580 265 1670 dp
288 1578 449 1646 κνάνιτειν
473 1588 504 1647 ct
526 1579 713 1664 γνάμπτειν
735 1580 769 1644 in
791 1579 884 1646 codd.
907 1582 1047 1647 confusis
1065 1603 1095 1648 v.
1123 1583 1203 1647 Lob.

133 1677 239 1760 Soph.
262 1678 314 1761 Aj.
340 1681 432 1754 1031)
454 1713 497 1735 -,
519 1698 602 1759 quae
632 1680 704 1761 ipsa
726 1678 902 1760 scripturae
923 1680 1140 1745 inconstantia
1160 1679 1204 1745 ad

109 1772 316 1841 nilitudinem
331 1774 459 1857 figurae,
484 1794 548 1856 qua
563 1775 717 1840 scabendi
734 1782 765 1839 et
780 1775 935 1840 curvandi
951 1777 1083 1842 verbum
1106 1798 1205 1860 quon-

109 1887 146 1933 m
180 1873 311 1956 propius
338 1872 422 1938 inter
454 1891 489 1937 se
523 1873 729 1955 contigerint,
768 1871 894 1938 videtur
927 1874 1083 1951 redire⁷⁵).
1133 1876 1204 1941 Iam

109 1985 147 2031 ro
175 1990 244 2035 oum
269 1967 454 2054 perciperem
478 1978 510 2036 et
538 1967 704 2050 κάμπτειν
734 1969 789 2033 vix
820 1969 943 2052 origine
971 1970 1101 2037 diversa
1130 1972 1203 2054 sint,

119 2060 187 2132 illa
209 2074 315 2133 autem
344 2066 446 2132 forma
468 2091 485 2130 ν
509 2066 597 2131 nullo
627 2064 722 2131 modo
750 2065 975 2149 interpositum
1004 2086 1075 2134 esse
1103 2070 1204 2151 possit

108 2177 114 2220 ἰ
138 2161 307 2249 Benfeyus
329 2164 371 2244 ΙΙ,
396 2167 457 2228 324
480 2161 646 2243 credidit),
673 2181 741 2227 rem
763 2163 809 2227 ita
830 2170 906 2246 puto
929 2165 1139 2246 processisse,
1169 2163 1221 2231 ut'

109 2252 211 2326 imum
227 2287 243 2326 ν
260 2261 455 2345 transposito
471 2281 511 2327 ex
534 2258 715 2341 κάμπτεινε
739 2256 910 2338 κνάνιτειν,
933 2258 1093 2343 γνάνιτειν
1110 2263 1203 2338 (sicut

109 2356 202 2441 έφας
225 2378 243 2425 e
265 2359 432 2444 *stampas
455 2365 486 2425 et
512 2358 611 2440 sim),
647 2356 765 2424 deinde
786 2357 830 2422 ad
852 2357 1095 2424 similitudinem
1118 2357 1203 2441 κάμ-

109 2470 172 2520 ῑειν
195 2457 316 2524 formae
338 2455 524 2541 γνάμπτειν
546 2454 699 2539 prodiret.

160 2557 188 2619 9.
211 2554 347 2621 Videtur
379 2554 413 2618 in
451 2553 569 2635 linguis
610 2551 848 2634 iudogermanis
884 2551 978 2616 radix
1015 2550 1100 2614 *Ιαινι
1136 2572 1204 2617 our-

109 2648 173 2715 tudi
195 2652 326 2718 notione
347 2649 494 2735 praedita
517 2649 693 2726 exstitisse,
730 2648 773 2714 ad
808 2668 903 2730 quam
936 2668 996 2714 scr.
1025 2649 1094 2714 rad.
1125 2649 1203 2714 dnos

109 2742 271 2812 illerum
295 2768 385 2816 esse
416 2747 569 2818 (nondum
599 2749 789 2830 scriptorum
817 2746 896 2812 locis
924 2745 1059 2824 firmata)
1068 2794 1076 2827 ‚
1110 2747 1201 2818 zend.

109 2843 324 2928 austriaca,
349 2846 579 2929 supplicari
602 2845 698 2922 (Justi
714 2864 746 2927 p.
764 2847 817 2921 91)
833 2844 977 2910 redeant.
1015 2845 1065 2909 Ex
1088 2845 1203 2910 eadem

109 2945 209 3008 rtasse
223 2963 270 3025 gr.
287 2942 411 3031 κνή-μη
430 2943 569 3027 <proprie
585 2941 794 3023 curvata),
812 2938 955 3027 κνη-μός
978 2941 1108 3008 clivus
1133 2948 1202 3026 (pro
1284 3015 1287 3021 ¹

109 3062 258 3126 αμα-μη,
292 3040 518 3123 *κνασ-μοςῗ)
553 3038 699 3106 ducenda
729 3045 812 3120 sunt,
847 3057 929 3120 quae
955 3038 1117 3123 Benieyus
1133 3041 1158 3105 1.
1180 3041 1202 3104 l.

109 3157 142 3201 :m
165 3137 275 3203 theod.
290 3139 404 3221 leigun
420 3143 489 3221 (pro
511 3136 657 3212 ΙινιιἹινακ)
674 3137 729 3201 lat.
754 3136 897 3196 conivere
920 3133 993 3199 aliis
1015 3135 1202 3218 composuit.

109 3235 191 3303 ascio
213 3255 257 3299 an
279 3236 358 3302 haec
380 3236 424 3301 ad
447 3234 583 3300 eandem
606 3233 747 3298 radicem
769 3230 869 3303 *leura
909 3251 1004 3313 quam
1038 3229 1200 3312 quondam

109 3340 169 3401 Isse
186 3332 389 3414 coniecimus,
412 3333 555 3398 revocari
577 3331 710 3414 possint.
755 3329 887 3394 Fickius
907 3348 939 3410 p.
959 3330 1039 3391 1019
1061 3327 1201 3393 radicem

109 3429 258 3497 imariam
275 3428 338 3492 *lca
355 3435 408 3507 (ε
425 3428 472 3500 ule,
490 3427 563 3503 ond)
587 3429 771 3507 flectcre,
796 3444 964 3490 curvare
986 3423 1092 3506 posuit
1113 3423 1202 3489 inde-

109 3519 293 3597 eradices
315 3526 403 3604 Ιιανκ,
432 3525 535 3611 lamp,
558 3545 617 3592 scr.
640 3523 731 3587 Ιινκαν
753 3524 812 3605 al,
836 3542 918 3606 quae
941 3521 1078 3587 similem
1100 3522 1202 3587 notio·
1277 3593 1286 3612 ·

135 3789 174 3853 ⁷³)
195 3784 336 3839 Accedunt
361 3785 495 3854 permulta
517 3785 545 3838 in
570 3783 647 3839 codd.
666 3782 778 3851 vestigia
795 3779 926 3850 γνάπτειν
945 3780 1047 3850 formae
1064 3797 1114 3851 pro
1132 3783 1201 3850 vulg.

109 3868 228 3940 ἕμπτειν
252 3868 412 3933 usurpatae,
439 3864 553 3919 maxime
578 3863 650 3934 apud
668 3863 815 3917 Homerum
832 3868 858 3917 et
875 3862 1085 3929 Alexandrinos,
1109 3880 1203 3932 quam·
1291 3855 1294 3860 Δ

109 3966 150 4006 ιω
170 3944 282 4014 saepius
299 3946 364 4000 boni
382 3945 459 4001 codd.
477 3943 633 4015 γνάμπτειν
650 3942 790 4014 praebent.

117 4032 261 4079 curtius,
277 4032 369 4074 Studien
382 4033 407 4074 V.
968 4029 998 4080 13
