2828 4776
80 360 124 413 De
143 376 272 416 sonorum
289 359 486 426 affectionibus,
505 375 574 429 quae
590 360 777 430 percipiuntur
795 361 823 414 in
842 361 903 416 dial.
923 361 1084 416 neolocrica.
1119 357 1182 419 357

143 532 277 619 Mutatio
299 540 416 613 autem,
441 541 475 597 ut
498 532 590 598 dooet
613 531 739 597 Curtius
762 533 824 607 (El.
848 534 898 598 Et.
916 554 947 616 p.
965 538 1048 614 617),
1072 535 1117 598 ita
1139 532 1183 614 fit,

56 635 90 694 ut
124 633 154 707 1)
182 637 256 712 post
280 638 393 697 tenues
416 654 434 694 κ
458 637 490 694 et
513 654 533 692 τ
553 636 630 694 ante
653 634 664 691 τ’
685 630 738 695 rel
761 651 777 691 e
792 629 816 712 j
834 629 1028 696 irrationalis
1050 631 1184 697 interea-

54 728 157 793 letur:
181 730 208 789 a'
228 728 276 813 tji,
300 738 331 790 te
353 728 407 812 tje,
430 726 465 788 ai
484 726 540 812 lrji,
563 727 601 789 Ire
623 725 685 811 ieje.

145 854 176 924 2)
198 859 234 916 ut
262 871 302 917 ex
323 851 347 936 j
372 851 519 916 irinativa
545 850 680 915 sibilans
708 851 767 915 illa
786 850 885 933 lenis,
915 871 1011 933 quam
1033 873 1054 913 z
1075 853 1184 918 littera

55 947 276 1030 designamus,
299 956 465 1014 nascatur:
490 949 544 1024 tsi,
568 958 628 1010 tae.

144 1069 178 1156 3)
202 1078 270 1136 uta
293 1072 376 1136 lenis
398 1078 471 1154 post
485 1079 613 1136 tenuem
630 1080 644 1131 t
663 1091 721 1155 per
736 1071 999 1136 assimilationem
1021 1070 1055 1135 in
1070 1071 1183 1137 fortem

55 1191 71 1231 s
92 1168 269 1234 induretur.
315 1168 434 1233 Horum
456 1168 553 1251 igitur
575 1169 665 1251 quasi
680 1168 837 1252 graduum
860 1169 893 1233 in
909 1167 1011 1251 primo
1027 1168 1184 1251 plurimae

57 1267 189 1333 dialecti
203 1286 402 1348 neograeoae
425 1266 635 1332 substiterunt
649 1265 701 1343 (ol.
718 1266 859 1347 Deffner,
884 1265 974 1331 stud.
990 1265 1037 1330 IV
1051 1287 1082 1350 p.
1100 1270 1183 1344 266).

54 1365 191 1430 Loorioa
212 1383 289 1429 vero
312 1364 459 1429 boeotioa
481 1364 578 1429 attica
606 1383 707 1447 usque
735 1364 778 1429 ad
799 1363 928 1429 tertium
951 1363 1086 1446 gradum
1113 1385 1184 1448 pro·

55 1468 237 1543 oesserunt3
267 1482 458 1544 quamquam
487 1463 578 1526 nulla
601 1481 638 1526 eo
661 1480 762 1543 usque
784 1480 954 1545 progressa
976 1468 1034 1543 est,
1069 1469 1104 1527 ut
1125 1462 1184 1527 lin·

54 1579 140 1642 guae
162 1560 292 1624 italicae
313 1559 347 1623 in
370 1558 498 1623 modum
522 1557 543 1620 lr
563 1558 597 1622 in
621 1557 663 1636 ti,
694 1560 747 1625 vel
774 1560 817 1625 ad
841 1560 1022 1642 exemplum
1046 1559 1184 1626 Franoo·

54 1658 216 1740 gallorum
238 1679 254 1717 s
277 1659 316 1742 (η)
340 1663 548 1722 converteret.

142 1772 257 1854 Itaque
279 1779 314 1836 ut
335 1771 369 1835 in
392 1771 503 1853 lingua
522 1792 639 1854 graeca
660 1771 793 1853 antiqua
814 1770 1000 1855 trs-jo-poa
1018 1791 1075 1854 per
1089 1771 1186 1837 inter·

55 1868 181 1935 medios
196 1868 522 1952 graduslta-ao-pat,
543 1868 744 1950 λιτ-σο-μαι,
762 1868 900 1950 denique
915 1868 1115 1950 λίστο-μαι,
1132 1871 1185 1935 vel

54 1974 90 2033 ut
112 1961 249 2052 ἡκ-ίων,
275 1961 410 2052 riu-awa,
436 1962 573 2053 ἡτ-σων,
598 1966 735 2047 denique
757 1961 888 2051 ἤσ-σων
911 1966 1028 2031 laetum
1052 1973 1109 2044 est,
1132 1966 1185 2032 vel

54 2071 90 2128 ut
101 2064 238 2128 latinum
245 2064 361 2146 pluuias
376 2065 567 2145 aRumanis,
586 2064 640 2146 qui
653 2063 809 2145 dicuntur,
825 2063 858 2127 in
867 2062 1003 2146 phiatas,
1019 2064 1187 2130 aFranoo·

54 2161 154 2244 gallis
175 2162 209 2226 in
230 2163 319 2245 place
341 2168 496 2226 mutatum
520 2169 577 2240 est,
603 2162 649 2226 sio
670 2161 852 2226 neoloorioa
875 2160 1031 2226 dialeotus
1054 2169 1087 2226 et
1109 2161 1193 2245 den-¹

54 2259 168 2326 talium
192 2267 224 2324 et
244 2259 452 2342 gutturalium
474 2259 666 2323 mutationes
689 2278 817 2343 prorsus
840 2259 962 2324 similes
984 2259 1135 2324 eontinet.

145 2374 175 2447 1)
219 2371 258 2434 In
280 2370 416 2454 syllabis
440 2371 465 2431 n·
486 2374 518 2434 et
540 2377 583 2457 to¹
604 2373 669 2451 (gr.
693 2368 814 2450 antiqu.
837 2393 879 2449 τι,
903 2393 953 2454 τη,
978 2392 1040 2447 aar,
1062 2393 1125 2450 soc,
1148 2393 1184 2435 τε

56 2472 89 2532 et
103 2490 160 2529 ται
163 2487 172 2543 r
196 2473 269 2549 post
284 2477 295 2529 t
312 2468 452 2532 litteram
476 2466 617 2532 naseitur
632 2465 873 2538 sibilansfortis
890 2466 940 2531 his
955 2466 989 2530 in
1003 2467 1185 2533 vocabulis:

99 2564 254 2647 tsiyurr'zo
278 2585 318 2630 ex
334 2564 501 2650 τηγαρίζω
519 2562 685 2650 (τήγανον)
709 2570 737 2634 (ν
753 2570 894 2628 mutatur
915 2563 949 2628 in
966 2563 998 2647 ρ)
1020 2564 1184 2649 τηγανίζω

55 2691 96 2710 =
117 2662 280 2743 sartagine
302 2661 393 2744 frigo.
439 2662 529 2725 tn'rld
545 2692 587 2711 =
602 2659 706 2726 τιλάω
731 2668 763 2726 et
786 2661 906 2724 ratoldo
928 2693 971 2713 =
993 2661 1072 2727 mihi
1093 2663 1187 2730 alvus

53 2759 134 2823 fluit.
180 2759 270 2821 tsirlu
294 2779 334 2824 ex
355 2760 478 2844 τίλημα
501 2791 543 2809 =
566 2760 732 2827 evacuatio
759 2758 835 2823 alvi.

142 2857 307 2918 tsz'ntzirus
335 2862 367 2921 et
398 2855 547 2919 tsz'azilsuo
576 2877 617 2923 ex
645 2859 763 2936 τέττιξ.
809 2856 918 2938 νίίείηί
944 2861 977 2920 et
1004 2856 1117 2919 rt'tsz'au
1146 2877 1187 2923 ex

55 2953 185 3040 ῥητίνη,
208 2954 265 3018 lat.
287 2955 401 3018 resina.
447 2953 537 3018 Idem
560 2974 657 3019 sonus
679 2954 806 3028 exsistit
827 2954 861 3017 in
876 2952 940 3018 alio
956 2954 1055 3019 verbo
1077 2954 1186 3037 stirpis

53 3052 214 3117 incertae:
252 3051 375 3132 tsirtzo,
414 3051 499 3133 quod
535 3051 776 3133 onomapoetioe
807 3050 965 3133 signifieat
1001 3052 1186 3133 clangorem

54 3147 165 3214 avium
194 3155 291 3230 atque
319 3169 420 3232 prope
443 3146 568 3213 aooedit
589 3147 631 3211 ad
653 3153 745 3212 vetus
770 3147 894 3225 τιτίζω.
938 3148 1013 3211 Alia
1036 3149 1186 3231 exempla

53 3253 131 3313 sunt
154 3243 287 3322 trabant,
311 3244 397 3328 quod
419 3245 551 3326 antiquo
572 3241 681 3325 τόκος,
706 3243 834 3321 artam,
857 3243 942 3325 quod
957 3245 1057 3309 veteri
1079 3241 1184 3330 τύρβη

53 3341 240 3427 respondet.

143 3439 247 3506 Simili
270 3440 439 3506 affeotione
462 3459 559 3506 sonus
575 3448 603 3500 ts
626 3440 723 3505 etiam
743 3457 784 3504 ex
798 3436 994 3520 traiicitur,
1019 3438 1073 3520 qui
1088 3457 1185 3504 sonus

57 3538 181 3623 duplex
203 3539 433 3622 posterioribus
461 3537 657 3619 temporibus
685 3555 788 3618 aeque
817 3541 913 3617 atque
935 3558 954 3599 τ
976 3535 1114 3618 simplex
1137 3556 1186 3602 so-

54 3637 158 3704 nabat
180 3641 257 3702 ante
279 3637 346 3701 iin
367 3634 511 3717 lodtsisoa
535 3632 642 3718 loesrfl
663 3653 703 3698 ex
726 3628 904 3717 κόττυφος.

142 3754 173 3828 2)
219 3751 270 3817 Ex
299 3749 469 3833 principali
492 3748 530 3812 -la
558 3755 590 3814 et
619 3746 658 3809 be
688 3747 722 3812 fit
748 3746 783 3812 in
812 3745 912 3811 tribus
943 3745 1009 3810 illis
1038 3744 1186 3811 dialectis

53 3867 186 3932 semper
209 3849 249 3910 tsi
277 3854 308 3913 et
331 3856 391 3919 tae,
422 3845 460 3911 of.
484 3846 576 3926 tepla
604 3864 645 3910 ex
674 3845 785 3930 κίχλη,
816 3841 1022 3927 tsimberitoa)
1046 3862 1086 3909 ex
1109 3867 1186 3926 κιμ-

52 3943 192 4032 sapaudo
221 3936 291 4011 sive
319 3947 496 4027 κιμβέριον
533 3943 660 4021 (tunica
692 3939 871 4022 muliebris,
909 3939 1006 4006 hodie
1035 3946 1186 4025 tegumen
