2828 4776
438 391 480 448 Dc
497 389 592 446 consti
609 388 687 447 latini
704 384 834 456 reliquiis.
1145 383 1204 443 441

75 569 173 647 (Eun.
188 568 285 647 Trag.
302 567 374 645 238,
388 563 492 627 Plaut.
509 560 633 627 Curcul.
648 562 664 625 I
683 566 710 641 1,
727 563 777 639 39,
794 558 948 642 Pompon.
963 561 1025 639 35),
1050 559 1209 620 ad-cca-at

81 666 194 743 (Plaut.
210 660 327 728 Pseud.
346 664 450 741 1030),
473 681 494 724 a
516 657 669 743 potiendo
692 678 757 723 non
773 662 896 720 tantum
917 664 1066 739 pot-t-tur
1081 664 1113 722 ct
1127 656 1211 740 νει-ι’

80 769 110 828 et
135 768 339 845 pot-eretur
361 758 419 824 sed
448 759 545 824 etiam
572 770 707 844 pot-eno.
753 759 837 824 Nam
865 758 926 822 hee
955 755 1083 838 quidem
1113 752 1210 836 quia

74 878 200 943 possem
224 855 389 937 derivant,
421 875 462 921 cx
489 858 665 941 participiis
693 876 776 939 quac
798 861 872 921 sunt
890 873 1062 938 prce-sene,
1086 851 1210 914 ab-seae

81 977 146 1021 non
162 954 352 1034 didicerunt,
376 955 535 1036 quomodo
558 955 760 1038 participium
783 953 873 1018 verbi
896 952 985 1033 ,cssc'
1007 949 1209 1015 formandum

79 1060 173 1120 esset.
204 1053 247 1117 At
266 1060 390 1134 pot-ens
405 1072 530 1135 quoque
549 1053 639 1118 aliud
661 1060 758 1134 atquc
777 1055 916 1134 pot-ieris
937 1047 1110 1130 significat3
1133 1067 1210 1112 nam

75 1157 112 1215 ut
124 1170 243 1234 parens
257 1169 297 1215 ca
312 1149 425 1215 mulier
440 1158 572 1216 vocatur
587 1172 669 1234 quae
682 1151 815 1234 peperit,
833 1148 877 1213 sic
896 1157 1009 1231 potens
1024 1147 1077 1229 qui
1089 1146 1210 1229 potitur

76 1256 125 1315 cst
140 1249 193 1312 vel
209 1246 252 1311 ad
268 1247 447 1329 potentiam
462 1249 618 1330 pervenit,
635 1255 667 1313 et
681 1245 828 1313 formatio
839 1245 1009 1310 verborum
1020 1242 1209 1326 saepissima

76 1348 111 1411 in
140 1346 213 1427 ipsa
242 1343 381 1410 flexione
408 1343 517 1410 sedern
546 1347 653 1412 habet.
706 1344 920 1424 Quamobrem
949 1342 1003 1424 qui
1029 1342 1148 1426 pce-ie
1178 1347 1210 1406 ct

77 1444 192 1505 oea-io
216 1440 258 1506 ad
280 1441 369 1506 aliud
391 1449 488 1524 atquc
511 1445 632 1522 cup-ie
657 1444 826 1508 verborum
849 1459 951 1522 genus
972 1439 1134 1521 pertinere
1157 1458 1210 1504 ex-

75 1541 208 1618 istimat,
232 1539 273 1603 ab
296 1557 334 1602 eo
350 1539 451 1604 nihilo
467 1540 572 1606 minus
587 1541 719 1606 concedi
735 1545 849 1622 potest,
872 1538 906 1601 in
922 1538 1064 1619 parentis
1080 1536 1209 1601 nomine
1286 1564 1290 1574 ·

76 1636 201 1719 aliquid
233 1636 346 1702 aoristi-
376 1637 480 1702 simile
509 1638 654 1703 relictum
684 1658 769 1718 esse,
804 1655 875 1700 curn
907 1628 1096 1717 pracsertim
1122 1631 1209 1716 apud
1234 1649 1259 1695 x

77 1736 219 1801 Graecos
235 1739 393 1799 κτνντ-έ-εν
409 1735 562 1800 aoristum
578 1736 698 1802 habeat
721 1735 914 1811 ἐ’-κτντνο-ν,
938 1730 1040 1814 νεά-ω
1064 1730 1208 1814 ἔνο-ον.

80 1831 210 1896 Accedit
237 1850 356 1896 nornen
389 1832 625 1897 substantivum
653 1854 674 1897 a
700 1830 862 1916 participii
890 1830 992 1894 forma
1030 1829 1209 1894 derivatum

81 1930 243 2003 sarientis,
273 1929 307 1992 in
332 1949 393 2010 quo
415 1929 539 1995 Pottius
561 1951 670 1996 rursus
692 1934 706 1992 i
725 1931 864 1995 litteram
886 1947 974 1992 mero
997 1947 1073 1991 casu
1095 1927 1208 1991 elisam

80 2044 150 2090 esse
171 2027 296 2106 statuit,
327 2046 519 2109 quamquam
549 2029 663 2094 cadem
688 2029 723 2093 in
745 2026 916 2092 simillimis
944 2024 1127 2089 nominibus
1149 2044 1208 2084 ece·

75 2124 249 2201 perdentia,
273 2125 444 2205 sapientiis,
467 2126 641 2202 audientia,
665 2125 877 2188 contranicatr'a
901 2123 1022 2187 intacta
1044 2121 1207 2186 remansit.

39 2206 52 2223 s
79 2216 198 2297 Quidni
214 2220 309 2300 igitur·
325 2219 377 2282 lric
392 2240 516 2302 quoque
527 2221 727 2303 significandi
738 2221 881 2303 aliquam
892 2221 1049 2285 rationem
1061 2218 1209 2282 diversae

77 2317 199 2381 lormac
215 2335 328 2379 ansam
345 2316 473 2381 dedisse
488 2319 721 2401 conjiciamus?
747 2318 969 2397 ,Sententicm',
993 2316 1094 2398 inquit
1110 2315 1206 2394 Quin·
1247 2343 1249 2350 ·

75 2416 208 2480 tilianus
231 2412 310 2475 VIII
332 2419 350 2476 5
373 2413 416 2477 in.
440 2424 577 2495 ‚veteres
600 2418 685 2498 quod
708 2419 815 2480 ammo
837 2417 1010 2485 serrsisseut
1035 2413 1207 2494 vocarunt,

76 2520 108 2577 et
131 2512 185 2594 qui
208 2511 241 2574 in
264 2517 378 2574 senatu
399 2514 567 2575 aasentias
597 2513 746 2579 dicebant
773 2534 862 2575 serrae
892 2512 961 2577 sive
986 2510 1027 2574 τὰ
1055 2510 1207 2590 δόξαντα,

76 2609 118 2672 τὰ
147 2612 348 2691 γνωσθέντα
372 2610 494 2692 potius,
525 2632 619 2694 quarn
649 2610 691 2676 τὰ
715 2610 878 2674 δοκοῦντα
906 2611 939 2674 iu
968 2610 1109 2674 medium
1140 2629 1209 2692 pro-

76 2707 230 2771 ferebant.
275 2704 314 2768 Id
337 2713 422 2771 certc
444 2715 569 2774 constat
591 2710 624 2774 in
647 2711 708 2775 hoc
736 2709 893 2774 vocabulo
923 2708 1041 2773 vetusti
1070 2706 1209 2788 alicujus

80 2803 237 2885 participii
266 2801 352 2884 quod
381 2810 430 2868 est
457 2816 580 2867 sarteas
608 2807 794 2872 memoriam
823 2806 960 2887 servari,
996 2826 1058 2886 quo
1087 2805 1209 2869 nullum

81 2898 183 2978 magis
212 2917 281 2963 curn
307 2921 426 2983 prorsas
454 2894 591 2967 conferri
620 2905 729 2987 possit.
781 2903 849 2969 Neo
881 2922 985 2985 pauca
1018 2908 1146 2969 exstant
1177 2902 1210 2966 in

82 3014 228 3060 sermone
256 2997 357 3061 latino
387 2997 517 3062 nomina
546 3017 587 3062 ex
616 3018 734 3080 genere
763 3019 871 3064 corum
901 3019 983 3081 quae
1007 3019 1027 3063 a
1049 2999 1211 3064 veteribus

79 3093 295 3173 grammaticis
306 3092 469 3175 praegraui
481 3101 643 3176 vocantur,
660 3096 693 3159 in
704 3095 754 3158 his
767 3095 926 3175 quaedam
938 3116 1009 3160 cum
1021 3096 1209 3160 aoristorum

82 3189 258 3272 participiis
282 3190 463 3274 καμόντες,
488 3190 670 3269 θανόντες,
694 3195 877 3278 φθίμενοι,
902 3190 1062 3272 κτάμενον
1084 3212 1211 3273 compa-

81 3286 199 3367 randa,
229 3307 360 3368 quorum
392 3297 540 3356 naturam
562 3291 612 3357 Jo.
664 3289 862 3371 (lassamus,
900 3295 1088 3373 praeceptor·
1121 3309 1211 3354 meus

81 3387 316 3466 dilectissimus,
328 3388 362 3452 in
373 3397 611 3471 programmate
625 3389 784 3473 gymnasii
797 3387 1073 3452 Franooiurtcnsis
1084 3407 1113 3450 a.
1128 3390 1210 3452 1855

80 3484 166 3548 edito
190 3489 233 3566 (p.
258 3483 320 3562 8l⁸l
342 3485 524 3552 illustravit.

165 3580 230 3646 Sed
253 3599 317 3645 non
341 3580 457 3649 diutius
480 3585 699 3649 commorabor
727 3584 760 3648 in
787 3585 856 3647 loco
879 3581 1053 3645 admodum
1076 3581 1208 3661 lubrico,

79 3678 112 3740 in
137 3698 198 3758 quo
220 3697 285 3743 non
300 3678 395 3746 facile
409 3689 457 3746 est
473 3683 513 3747 ab
530 3683 676 3747 omnibus
692 3679 893 3764 conjectandi
909 3681 1067 3748 illecebris
1083 3701 1207 3748 caveae.

80 3775 163 3839 Nam
187 3775 320 3841 formam
345 3777 473 3859 quidem
496 3781 607 3845 aoristi
628 3782 662 3845 in
687 3778 726 3844 iis
756 3799 837 3861 quae
866 3779 1072 3846 tractavimus
1102 3783 1208 3848 verbis

145 3975 165 4037 ὓ)
201 3973 440 4040 ‚Bcobachtungcn
458 3974 593 4028 uuerden
611 3975 799 4030 homerischcn
818 3975 1066 4045 Sprachgebrauch’
1085 3978 1111 4031 S.
1131 3985 1171 4033 59.
