2828 4776
146 333 205 396 178
618 335 787 405 Sicgismund
889 317 894 324 ’

141 509 298 594 prodiisse
320 515 439 574 certum
462 509 598 574 videtur.
635 507 701 573 Sed
716 506 923 587 dubitaveris,
947 526 990 570 an
1006 506 1140 573 tortasse
1158 505 1233 588 *dro-

142 631 260 672 vmsw
290 605 339 685 (cf.
372 603 588 679 καλ-ύιιτειν)
621 605 774 688 primaria
801 605 903 669 forma
931 603 1042 685 fuerit,
1073 615 1143 669 cum
1166 603 1236 668 radis

142 703 273 785 *dvo-rr
300 722 458 785 nusquam
486 709 614 768 servata
643 703 866 786 conspiciatur.
911 703 1035 766 Tamen
1057 702 1142 767 hanc
1161 722 1237 785 quon-

114 819 115 822 ’
143 803 216 868 dam
246 801 405 867 exstitisse
433 800 607 866 verisimile
634 799 670 864 fit
699 797 858 881 ὁύρ-ομαι
887 795 1123 882 (ridde-opat)
1153 800 1237 879 verbo,

112 905 114 909 ‘
144 899 239 983 quod,
262 898 325 965 nisi
347 897 451 979 fallor,
475 904 645 980 cognatum
669 905 727 963 est.

228 998 306 1061 seb.
330 994 435 1080 τρύ-ιυ
459 995 569 1078 procul
592 995 690 1060 dubio
712 993 755 1059 ad
777 994 918 1060 radicem
941 1004 993 1055 tor
1014 994 1049 1058 in
1071 994 1192 1061 terendi
1203 1015 1239 1058 no

140 1097 227 1162 tione
249 1094 368 1159 dictam
389 1093 483 1175 redit,
505 1094 544 1158 cf.
566 1113 613 1175 gr.
630 1097 740 1178 colpos,
764 1094 820 1158 iat.
836 1103 940 1155 terere
959 1099 1024 1158 oet.¹
1044 1090 1133 1157 Ourt.
1145 1112 1174 1175 p.
1189 1094 1240 1155 ιιι.

141 1193 180 1258 In
203 1194 263 1257 hac
285 1191 414 1272 quidem
437 1190 507 1255 rad.
529 1214 589 1273 τρυ
611 1190 667 1254 vix
690 1191 857 1256 diiudicari
879 1198 994 1274 potest,
1018 1197 1125 1254 utrum
1148 1208 1240 1255 eane

140 1289 258 1356 tathesi
281 1308 321 1354 ex
345 1299 398 1351 tur
419 1289 470 1367 (ct.
493 1307 552 1354 sor
576 1298 682 1350 turo-r
703 1290 872 1354 attritus
895 1296 983 1353 e
999 1308 1084 1371 quae
1098 1296 1201 1353 tamen
1212 1287 1240 1351 ad

140 1385 380 1472 perferendi
408 1386 572 1450 notionem
600 1386 832 1468 pertinent-
861 1387 917 1451 lat.
940 1387 1093 1464 monada,
1118 1396 1187 1448 ιιιιιι
1204 1405 1242 1467 ap

141 1485 228 1552 Ourt.
252 1484 274 1548 l.
291 1485 337 1565 1.),
360 1504 404 1548 an
418 1502 561 1568 syncope
577 1503 617 1549 ex
633 1491 672 1548 st.
688 1508 766 1570 τερυ
785 1484 836 1563 (cf.
850 1488 943 1563 τέρυ·
960 1479 1121 1561 ἀσθενές,
1141 1480 1240 1548 λεπτόν

49 1652 51 1657 ,
141 1581 295 1666 Hesych.)
311 1580 475 1665 prodierit.
519 1582 651 1645 Aecum
667 1581 799 1647 Fickius
825 1602 856 1664 p.
874 1584 914 1646 79
936 1587 1067 1663 praeter
1089 1600 1148 1646 scr.
1165 1590 1241 1642 tarr-r

141 1700 200 1745 scr.
216 1680 398 1755 tdtn·uti⁶⁴),
414 1678 463 1742 nd.
479 1687 567 1740 tauro
592 1688 598 1740 ι
603 1699 661 1762 pro
677 1682 794 1760 *tutn),
817 1698 863 1761 gr.
879 1675 992 1762 τρώ-ιυ
1017 1683 1087 1762 (pro
1103 1684 1240 1759 *spor-o,

141 1776 179 1842 ci.
193 1775 276 1841 infra
291 1778 310 1854 ἓ
326 1781 411 1841 1011.
425 1775 628 1855 8.)conferat,
643 1775 739 1840 etiam
751 1775 907 1859 suspicari
918 1775 1003 1857 iicet,
1015 1773 1123 1860 τρύ-αι
1139 1796 1178 1842 ex
1191 1773 1240 1839 rad.

141 1879 249 1960 *capr
263 1908 305 1918 -
321 1878 426 1956 *supr
440 1893 513 1939 esse
528 1880 640 1937 ortum.
674 1872 756 1938 Huic
770 1881 877 1938 autem
888 1873 1104 1956 originationi,
1121 1872 1242 1956 quamvis

141 1991 179 2037 eo
202 1970 450 2053 commendetur,
474 1969 561 2054 quod
581 1969 706 2052 liquida
719 1992 784 2036 non
800 1972 905 2037 vocali
920 1977 1076 2052 sequente
1090 1971 1242 2053 anticipata

143 2070 184 2134 sit
205 2089 244 2134 ac
264 2069 432 2153 productio
454 2069 575 2134 vocalis
597 2067 692 2133 facile
714 2071 902 2152 explicetur,
925 2069 1013 2134 notio
1028 2066 1159 2152 τρύ-ειν
1173 2067 1242 2133 verti

140 2166 248 2248 aliquo
276 2166 372 2233 modo
400 2172 575 2250 repugnat,
605 2184 687 2246 quae
715 2167 757 2231 ab
785 2165 898 2251 spei-ro
927 2167 1019 2232 verbi
1047 2166 1177 2232 notione
1196 2185 1242 2230 non

140 2265 222 2329 nihil
252 2263 367 2330 differt.
411 2266 561 2331 Fortasse
588 2262 622 2326 in
651 2283 714 2328 uno
743 2265 840 2329 verbo
855 2310 857 2312 -
870 2264 955 2330 duae
982 2264 1100 2348 stirpes
1122 2269 1205 2346 (τερι
1221 2267 1244 2326 ct

141 2360 274 2445 ropf‘d,
298 2382 432 2443 quarum
447 2364 552 2426 altera
567 2367 715 2436 terere,
731 2361 835 2427 altera
850 2365 1038 2428 sauciare
1054 2361 1243 2444 significabat

141 2467 368 2525 convenerunt.

230 2561 299 2621 100.
321 2553 430 2640 βρύ-αι
455 2556 481 2621 si
504 2563 674 2638 cognatum
697 2561 746 2620 est
767 2575 838 2620 cum
859 2556 918 2621 illa
931 2556 1001 2622 rad.
1017 2577 1074 2619 our·
1097 2556 1243 2633 bullire,

141 2652 301 2734 adquam
330 2651 470 2737 βράσσω
498 2654 603 2719 redire
624 2653 764 2718 vidimus
786 2655 805 2731 ξ
829 2658 848 2715 4
870 2675 902 2718 n.
927 2658 977 2735 51,
1007 2675 1073 2718 non
1095 2650 1244 2720 metathesi

143 2754 306 2834 (παρ-κιρ
326 2749 415 2815 haud
444 2750 540 2815 dubie
568 2745 608 2834 ὗρ
637 2749 757 2815 factum
779 2758 886 2832 esset),
917 2751 976 2817 sed
995 2771 1143 2835 syncope
1165 2772 1202 2817 ex
1217 2755 1244 2814 st

142 2870 242 2929 sap—v
278 2854 380 2912 ortum
417 2866 489 2914 esse
521 2847 721 2913 crediderim.
774 2848 840 2914 Sed
868 2846 976 2930 ,tid-or
1004 2849 1108 2913 forma
1135 2848 1244 2933 propius

142 2945 267 3011 accedit
289 2944 332 3009 ad
353 2945 594 3027 βομ-βυι-ίς·
625 2943 808 3032 πομφόλυξ
828 2945 979 3030 Hesych,
1002 2945 1058 3012 lat.
1081 2945 1174 3019 bullo,
1196 2944 1244 3008 tul-

142 3043 212 3118 lr're,
235 3042 349 3106 lituan.
372 3040 519 3113 bumbula,
544 3061 626 3124 quae
649 3041 775 3107 Curtius
799 3064 831 3125 p.
848 3047 909 3108 273
933 3044 1112 3127 componit,
1134 3038 1246 3110 radtrl

142 3148 250 3207 autem
271 3140 315 3205 ad
337 3158 409 3205 eam
431 3137 572 3205 radicem
587 3160 670 3222 quae
691 3141 772 3222 aglo.
795 3138 869 3217 trad,
886 3140 978 3212 bullo,
1002 3162 1050 3225 gr.
1066 3137 1243 3228 dvo-pito

142 3239 185 3302 al.
210 3245 252 3309 tv.
276 3236 360 3309 Ourt.
384 3256 416 3318 p.
440 3238 515 3312 282)
543 3237 688 3302 subiecta
710 3244 775 3315 est,
806 3237 852 3301 ita
873 3237 985 3303 referri
1007 3244 1125 3320 potest,
1146 3247 1181 3304 ut
1199 3244 1244 3303 sta·

142 3343 250 3400 tuatur
275 3336 339 3399 iam
375 3334 608 3414 antiquissimis
636 3335 832 3418 temporibus
865 3335 1005 3400 mediam
1033 3355 1093 3418 pro
1122 3336 1244 3420 aspirata

144 3451 215 3498 esse
237 3432 458 3511 substitutam,
490 3431 575 3513 quod
603 3433 732 3516 saepius
755 3432 872 3497 factum
895 3452 966 3498 esse
988 3434 1101 3514 negari
1124 3454 1187 3499 non
1206 3447 1243 3514 pc

143 3531 231 3611 terit,
260 3530 349 3594 velut
377 3527 411 3592 in
443 3529 512 3593 rad.
541 3529 633 3612 moplr
656 3566 698 3575 —
720 3551 805 3612 mop,
835 3529 921 3595 unde
944 3549 1003 3596 scr.
1026 3529 1133 3592 motat
1154 3566 1194 3575 -
1210 3543 1242 3609 gr.

212 3764 274 3828 ΜΗ
274 3778 323 3816 arv
347 3779 403 3818 non
421 3762 521 3817 radicis
539 3763 599 3818 loco
617 3763 772 3818 habendum
790 3779 849 3819 esse
866 3764 1070 3820 Kraushaarius
1089 3763 1210 3821 ‘Studien'
1222 3755 1241 3812 ΙΙ

142 3857 168 3910 p
188 3846 238 3896 430
255 3848 418 3977 plchctlptt
347 3843 464 3910 monuit,
494 3858 556 3898 cum
572 3851 620 3913 pot
620 3845 694 3900 iuss
696 3845 764 3915 tirps
782 3844 895 3900 nominis
914 3846 992 3898 *t-or
981 3861 1029 3900 -υα
1046 3863 1097 3916 pro
1115 3837 1240 3916 praesentit

142 3920 259 3991 atirpea
326 3927 366 3978 rta
383 3923 425 3980 sit
