2828 4776
168 358 211 413 De
230 373 359 413 sonorum
376 357 572 424 affectionibus,
591 372 659 426 quae
677 356 864 426 percipiuntur
881 355 909 409 in
927 354 988 410 dial.
1006 354 1167 411 neolocrica.
1204 351 1266 414 369

141 532 289 606 obscure,
313 551 376 613 qua
396 530 516 595 factum
539 537 596 612 est,
619 536 654 594 nt
675 528 778 611 magis
793 527 959 610 magisque
980 531 1109 594 vocales
1131 549 1268 595 corrum-

140 636 294 714 perentur
322 635 354 694 et
380 628 509 710 saepius
538 626 607 693 soni
637 647 657 693 a
680 627 816 710 pristina
839 627 987 694 vocabuli
1009 627 1144 693 alicuius
1166 626 1268 701 forma

139 726 242 793 alieni
265 725 524 810 producerentur.

434 900 462 972 1)
507 894 680 961 Vocales
703 896 985 962 obscurantur.

274 1035 305 1108 a)
350 1029 450 1097 Vetus
473 1051 492 1092 u
515 1030 685 1095 obscurata
707 1037 755 1098 est
777 1032 810 1097 in
834 1053 869 1097 o:

229 1124 357 1210 μολόχα
385 1134 441 1193 att.
469 1125 610 1214 μαλάχη.
655 1129 724 1194 lam
755 1137 880 1197 veteres
909 1129 1082 1195 Dorienses
1120 1127 1168 1193 sic
1197 1146 1269 1209 pro·

138 1225 311 1291 nuntiasse
333 1230 458 1289 constat
480 1225 618 1302 (Ahrens
639 1246 671 1309 p.
697 1230 778 1305 120).

273 1322 306 1401 b)
352 1322 452 1388 Vetus
475 1345 490 1386 ε
513 1322 639 1388 transiit
659 1323 693 1387 in
717 1348 734 1387 o
758 1332 834 1391 ante
855 1349 875 1405 χ
897 1332 929 1390 et
952 1334 973 1387 t.

232 1424 337 1500 οχῑνόε
371 1438 429 1503 pro
459 1416 600 1502 ἐχθρός,
640 1419 816 1505 rijetilcoto),
855 1422 1030 1497 triob‘lcotni
1061 1440 1118 1503 pro
1149 1418 1270 1499 διετές,

139 1527 286 1607 τριετές,
311 1520 422 1583 cumas
443 1535 501 1601 pro
525 1515 670 1599 ἕτοιμος.
714 1519 761 1584 Of.
784 1520 926 1601 Deffner‚
950 1518 1041 1585 Stud.
1063 1516 1110 1582 IV
1132 1537 1163 1599 p.
1188 1520 1259 1581 310.

274 1623 302 1696 c)
339 1617 405 1682 Att.
430 1640 448 1701 η
471 1635 557 1679 nunc
579 1623 673 1681 sonat
694 1637 714 1679 u
736 1624 812 1682 ante
836 1618 855 1689 l,
875 1639 908 1701 p,
935 1624 1005 1683 set
1025 1616 1110 1682 inter
1130 1616 1270 1681 nasales.

231 1714 321 1780 Haec
333 1713 483 1796 exempla
493 1712 671 1795 putaverim
684 1733 725 1779 ex
735 1722 844 1781 vetere
856 1736 874 1778 u
886 1715 1081 1800 explicanda
1092 1732 1172 1795 esse,
1190 1730 1272 1796 quae
1387 1729 1391 1738 ·

142 1820 275 1880 servata
297 1819 346 1878 est
368 1812 401 1876 in
424 1809 562 1875 dialecto
585 1809 709 1887 dorica,
733 1812 779 1877 ita
802 1812 931 1894 quidem
952 1820 987 1877 ut
1009 1836 1030 1875 α
1052 1832 1109 1896 per
1131 1811 1270 1877 medium

142 1935 162 1976 o
192 1911 349 1995 paulatim
377 1909 411 1973 in
438 1930 458 1970 u
488 1907 725 1973 obscuraretur:
761 1909 847 1973 zetlic
878 1916 909 1976 et
935 1908 1045 1972 saleco
1075 1929 1133 1993 pro
1163 1907 1270 1993 ζῆλος,

143 2005 272 2095 ζηλόω,
301 2005 529 2091 posterioribus
551 2005 747 2088 temporibus
771 1997 882 2093 ζηλία.
911 2003 1047 2092 ζηλεύω,
1072 2007 1138 2071 dor.
1163 2005 1270 2086 ζᾶλος,

142 2106 319 2189 zeoyuldtr's
341 2125 398 2188 pro
423 2099 623 2187 ζευγηλάτης
647 2110 678 2168 et
702 2102 913 2191 ζευγελάτης,
943 2104 1062 2167 absumi
1084 2124 1141 2188 pro
1166 2102 1272 2190 σήσα-

142 2226 220 2286 μον.
266 2202 334 2267 Hoc
358 2200 548 2266 vocabulum
574 2198 660 2266 unde
683 2201 893 2267 derivandum
918 2203 959 2268 sit
981 2202 1112 2268 dubium
1135 2201 1271 2283 videtur,

143 2319 340 2383 quamquam
379 2295 581 2365 subiicienda
617 2304 665 2362 est
700 2298 802 2364 forma
837 2301 939 2367 altera
976 2320 1127 2363 sasamon.
1184 2299 1272 2362 eman

144 2418 205 2484 pro
230 2393 316 2483 ἤμην
346 2395 469 2479 imperf.
493 2392 583 2459 verbi
608 2391 687 2475 εἰμί.
731 2398 821 2480 copia
844 2418 901 2480 pro
926 2402 1049 2485 σηπία,
1078 2397 1117 2463 cf.
1141 2393 1272 2482 ἕσάπην

143 2514 214 2559 aor.
238 2494 329 2559 verbi
352 2490 516 2579 σήπομαι,
539 2491 595 2554 lat.
618 2495 715 2576 sopio,
746 2515 793 2577 gr.
816 2494 948 2579 σαπρός
972 2497 1034 2571 (El.
1058 2497 1108 2561 m.
1132 2515 1162 2578 p.
1186 2497 1272 2573 424).

144 2590 289 2658 Medium
312 2612 330 2653 o
359 2592 444 2657 inest
472 2591 506 2655 in
534 2589 692 2657 vocabulo
724 2591 841 2669 σόπος.
884 2593 1048 2679 carosomi
1075 2613 1132 2676 pro
1161 2591 1273 2675 παρά-

147 2711 259 2774 σημον
283 2687 350 2752 dor.
375 2694 476 2770 σᾶμα.

277 2785 309 2853 dt
355 2809 376 2848 α
399 2792 430 2852 et
454 2810 480 2849 ω
504 2788 713 2854 obscurantur
735 2787 769 2852 in
791 2809 821 2851 u.
867 2787 968 2854 Huius
997 2786 1149 2853 transitus
1171 2787 1272 2853 multa

145 2884 299 2966 exempla
321 2884 429 2948 attulit
451 2885 592 2965 Deffner‚
607 2879 638 2950 Ι1.
662 2905 688 2950 c.
712 2906 743 2968 p.
768 2887 839 2949 319.
1359 2876 1361 2881 ’

668 3160 685 3232 ξ
712 3158 760 3218 10.

540 3307 668 3370 Voculae
690 3315 897 3370 attenuantur.

236 3439 342 3506 Series
364 3441 534 3524 vocalium,
559 3442 600 3508 de
622 3443 737 3524 quibus
759 3460 844 3506 nunc
866 3460 1016 3523 agemus,
1040 3449 1134 3524 prout
1156 3441 1276 3509 maiore

146 3548 206 3609 aut
227 3541 351 3607 minore
373 3540 405 3603 vi
427 3539 470 3605 ad
493 3559 548 3606 eas
571 3538 788 3606 articulandas
810 3558 889 3622 opus
912 3545 970 3621 est,
993 3539 1073 3604 haec
1096 3546 1158 3606 est:
1193 3556 1195 3561 ·

237 3659 263 3711 o,
295 3660 321 3717 c,
350 3636 489 3715 iitssurt.
513 3639 564 3703 El.
587 3640 638 3704 Et.
661 3659 693 3721 p.
717 3640 788 3702 398.
833 3635 942 3720 Bopp,
970 3636 1042 3719 Vgl.
1072 3636 1126 3702 Gr.
1159 3642 1185 3719 1,
1213 3636 1275 3722 13).

147 3735 370 3815 Permutatio:
379 3735 619 3818 igiturjvocalis
647 3757 665 3798 a
688 3735 721 3799 in
745 3756 778 3812 e,
811 3738 881 3799 ete
908 3734 978 3798 ini
1004 3734 1179 3799 deminutio
1208 3734 1277 3802 cive

147 3833 328 3901 attenuatio
350 3831 581 3917 habendajcst.
626 3834 715 3899 Haec
737 3851 812 3899 vero
833 3830 911 3897 inde
933 3832 1166 3916 atemporibus
1181 3832 1277 3897 Indo-

148 3951 377 4016 germanorum
399 3931 432 3995 in
456 3931 602 3997 omnibus
624 3929 743 4013 linguis
763 3929 912 3996 continuo
935 3929 1103 3997 forefacta
1124 3935 1221 4012 atque
1243 3930 1277 3996 in
