2828 4776
256 374 319 434 364
718 372 911 442 Chalkiopulos

342 546 466 613 Eadem
494 545 619 611 ratione
644 545 841 610 irrationalis
858 548 879 622 j
898 544 982 611 inter
1005 544 1153 625 vocales,
1185 561 1247 624 qua
1272 541 1360 608 hiatus

258 645 395 727 tollitur,
426 643 620 726 explicanda
648 648 707 708 est.
750 644 847 709 Valet
875 642 961 708 euim
996 642 1040 708 ad
1073 642 1220 707 vocalem
1248 641 1362 712 alteram

258 763 331 808 cum
352 743 456 808 altera
478 740 644 806 commode
666 740 934 822 coniungendam.
978 739 1016 804 Ε.
1031 761 1062 823 g.
1081 736 1266 813 Λεωνίδας
1285 736 1364 803 hodie

258 862 278 906 a
293 841 402 906 Locris
416 838 641 954 pronuntiatur
657 844 693 902 ut
707 837 892 921 LeJ'om'dus,
919 837 1040 920 Ναούμ
1063 844 1160 914 (nom.
1177 845 1296 924 propr.)
1314 839 1366 902 Nu·

250 938 338 1023 J'rim,
367 935 449 1013 λαός
470 942 504 1000 ut
527 935 625 1018 laJJos
651 933 897 1012 encourages
921 935 1147 1018 (rejactatus,
1178 934 1368 1023 ἐκάηοονιι

258 1035 405 1120 eton'lron
427 1041 487 1100 cet·

344 1134 376 1211 b)
420 1155 440 1243 γ
469 1131 587 1196 velatis
614 1130 698 1196 lenis
726 1131 888 1196 interdum
921 1132 1047 1198 exsistit
1073 1140 1151 1200 ante
1180 1156 1201 1198 ιι
1229 1138 1367 1217 nasalen‚

258 1250 342 1315 quae
362 1231 409 1295 ini
410 1230 453 1294 tio
410 1229 704 1294 tvocabulcrum
734 1235 811 1294 ante
778 1230 985 1294 trocalem
1010 1237 1067 1295 aut
1093 1232 1128 1296 in
1156 1233 1274 1299 mediis
1295 1254 1367 1299 voca·

258 1328 367 1395 bulis
359 1349 392 1392 m
394 1335 442 1392 ter
394 1326 539 1391 tduas
553 1326 683 1390 vocales
698 1327 804 1409 posita
820 1335 876 1392 est.
922 1327 1197 1394 Subauditurt
1140 1336 1197 1395 aut
1199 1350 1250 1397 em
1266 1332 1368 1397 nassis

258 1424 434 1509 quaedam,
472 1442 555 1505 quae
582 1422 626 1487 ad
654 1434 673 1485 ιι
702 1425 897 1506 gutturalem
934 1426 1078 1508 proxime
1112 1429 1253 1494 accedit:
1298 1435 1367 1516 νῆμα

258 1522 483 1607 pronuntiatur
504 1526 539 1585 ut
560 1540 685 1604 γνιοιιια,
709 1520 805 1606 νήθιο
827 1530 863 1587 ut
884 1523 1007 1607 γοοθο,
1038 1527 1187 1608 cynomia
1208 1548 1267 1611 pro
1290 1525 1367 1593 ἐναν-

258 1625 347 1696 τίον,
384 1615 555 1703 ιιγνιαΙομι)
587 1639 644 1702 pro
679 1616 845 1705 σύννεφον
876 1620 1028 1706 (νέφος),
1066 1628 1156 1706 aynau
1189 1645 1248 1707 pro
1282 1623 1368 1704 ἐννέα,

259 1719 349 1802 όγνιὶο
379 1736 437 1800 pro
461 1713 591 1796 ἐ’ννοια,
621 1715 655 1779 in
685 1735 746 1798 quo
774 1717 876 1799 possit
903 1718 1020 1800 aliquis
1041 1721 1217 1803 conticere,
1247 1730 1369 1788 veterem
1406 1726 1408 1811 j

259 1816 393 1880 formam
431 1811 585 1878 aeolieam
614 1817 719 1894 γνοέω
757 1815 843 1892 (rad.
873 1837 935 1895 μνιο
968 1815 1053 1882 Ourt.
1076 1818 1125 1887 El.
1149 1820 1202 1883 Et.
1230 1821 1291 1886 No.
1316 1824 1369 1884 taut
1406 1816 1408 1821 ’

259 1918 482 1978 conservatam
505 1929 585 1976 esse.
631 1911 738 1976 Etiam
759 1914 867 1980 autel
887 1919 1027 1997 exstaty
1047 1915 1082 1979 in
1104 1915 1215 1998 γίάνοι·
1229 1939 1288 2000 pro
1303 1918 1370 1980 lo'ror

260 2012 328 2086 slat.
352 2011 458 2085 larua).

346 2118 374 2180 o)
419 2106 523 2188 Magis
553 2105 650 2170 etiam
677 2106 791 2170 mirum
821 2114 885 2190 est,
918 2108 1002 2191 quod
1028 2111 1134 2175 Ietr
1161 2111 1198 2175 in
1226 2108 1369 2175 nonnullis

260 2204 427 2270 vocabulis
454 2203 614 2288 posterius
641 2204 816 2270 accessisse
844 2205 1010 2290 videntur,
1047 2207 1092 2273 sie
1120 2208 1155 2272 in
1185 2208 1308 2292 γὶάιινο
1328 2224 1368 2290 pro

261 2301 390 2387 γάστρα
413 2298 574 2388 (γαστήρ),
605 2300 736 2363 ονῖιόνιια
752 2315 815 2385 'pro
838 2298 1005 2387 ὠρύομαι,
1035 2305 1155 2367 marles
1183 2325 1243 2388 pro
1266 2301 1368 2388 μωρός.

261 2400 312 2464 De
332 2399 406 2464 aliis
427 2397 567 2463 dubitari
588 2405 704 2481 potest.

347 2495 381 2572 d)
426 2493 443 2557 b
466 2496 674 2561 intercalatur
702 2497 851 2571 interm,
882 2498 940 2564 let
954 2519 979 2561 r.
1018 2498 1072 2564 Sio
1093 2500 1290 2565 vocabulum
1311 2495 1369 2583 yssi

175 2674 177 2677 v
262 2617 367 2675 μορον
396 2591 606 2676 (γειομόρος)
635 2613 779 2678 syncope
805 2595 928 2660 vocalis
957 2618 975 2659 ο
1003 2596 1089 2661 facta
1116 2598 1370 2680 pronuntiatura

262 2690 432 2755 Loorisut
420 2688 605 2773 tyiombro
649 2692 783 2758 Prorsus
811 2692 925 2758 eodem
954 2692 1049 2757 modo
1077 2693 1166 2777 apud
1197 2700 1321 2762 veteres
1343 2712 1371 2759 er

263 2793 430 2872 μεσημερὶ
432 2810 452 2848 α
470 2793 668 2899 Ιίμεσημβρα
690 2789 755 2854 stac
756 2810 808 2853 um
827 2785 885 2856 est.
930 2790 1130 2857 Vocabulum
1145 2794 1257 2879 μηλέα
1279 2791 1408 2897 eadem*

262 2883 476 2950 affectione'
468 2904 503 2948 1n
530 2883 623 2947 multu
652 2905 841 2953 conversum
869 2895 927 2954 est.
972 2887 1040 2954 Hoc
1068 2909 1139 2954 eum
1172 2898 1284 2958 vetere
1307 2838 1408 2972 μέμ

262 2981 378 3065 pleno
400 2981 651 3093 comparandum
674 2983 741 3048 erit.

350 3085 378 3157 e)
421 3100 451 3141 νι
472 3080 521 3144 int
508 3080 642 3144 tetrcala
629 3086 680 3144 tur
700 3089 777 3148 ante
796 3104 834 3167 p.
869 3084 1062 3148 vocabulum
1084 3082 1185 3161 λεπίς
1207 3085 1370 3150 auditurut

264 3177 354 3241 ltemb
343 3177 406 3259 toa,
430 3175 579 3264 ῥόπαλον
601 3184 637 3242 ut
658 3178 859 3263 rtimbolc(n)‚
884 3178 1042 3259 οτοπάζω
1064 3187 1099 3245 ut
1121 3182 1280 3246 stambz'zo
1296 3186 1347 3247 cet.

349 3276 372 3353 s)
416 3274 633 3358 sprothetica
655 3277 795 3341 exoritur
815 3276 977 3343 interdum
999 3284 1075 3344 ante
1103 3302 1138 3360 κ,
1169 3302 1199 3343 π
1222 3286 1255 3345 et
1277 3283 1320 3362 (β)
1346 3297 1369 3336 s:

264 3374 424 3439 ιΙιάθιινοε
445 3396 503 3458 pro
527 3374 715 3461 κάνθαρος,
745 3374 963 3455 αΙιονιτνόχίνοο
990 3396 1048 3458 pro
1071 3371 1326 3459 ’ἆκανθόχοιρος
1342 3400 1371 3423 ⁷-

265 3471 374 3551 ἐχῖνος
404 3473 473 3550 (lat.
496 3473 629 3540 echinus
654 3476 825 3553 terrester),
853 3472 1005 3536 ,ιΙιονὸιὶΙιι
1031 3492 1088 3556 pro
1111 3471 1276 3560 κορδύλη,
1303 3467 1373 3535 sutri

263 3589 321 3653 pro
345 3566 447 3648 κόνις,
470 3570 625 3651 satrapae
646 3590 704 3654 pro
719 3567 872 3655 βράγχια,
894 3568 1072 3653 βαράγχια,
1092 3570 1196 3632 molor
1210 3591 1270 3654 pro
1284 3569 1372 3654 βῶλος

265 3665 396 3749 (gleba),
425 3669 611 3747 scraxuictzo
633 3689 692 3751 pro
714 3665 900 3752 βραγχιάω,
933 3668 1079 3752 ιμοίάνιμι·
1104 3687 1163 3750 pro
1194 3665 1372 3754 φαλάγγιον,

264 3761 417 3847 εγιινγίιὶι
438 3784 497 3847 pro
519 3769 684 3852 πυργὶιης
707 3770 760 3844 (=
784 3763 976 3850 στρουθός).

350 3860 487 3927 Radices
509 3860 622 3927 horum
644 3864 873 3929 vocabulorum
901 3861 1009 3944 quoad
1036 3860 1228 3945 investigari
1249 3864 1371 3946 possunt,

265 3976 428 4038 nunquam
457 3959 668 4042 principalem
690 3982 706 4022 ι
727 3954 910 4026 ostendunt.
954 3958 1061 4039 Quare
1088 3982 1105 4023 s
1132 3979 1176 4026 cx
1203 3960 1305 4027 causis
1330 3975 1372 4025 eu·
