2828 4776
453 337 494 391 Do
512 337 651 392 titulorum
668 335 818 391 ionicorum
837 335 959 390 dialecto.
1208 329 1269 390 295

139 505 371 594 Ἀρτασέσσεω
396 507 461 593 (27,
486 509 519 594 2)

145 603 329 692 εὐεργέτεω
354 603 423 692 (28)
710 603 870 684 Honorio),
904 608 1044 670 Πακτίω
1072 598 1142 687 (28)

144 709 285 771 Ποίκεω
309 701 379 789 (33)

141 799 342 886 Ἰ[σ]αγόρεω
367 799 437 887 (32)

143 897 343 984 Βραττίδεω

144 995 377 1113 ΠρἾξαγόρεω
404 891 420 1285 ἶ
444 1019 510 1106 (23;
536 1023 589 1108 13)

142 1101 291 1180 Προκεω

146 1191 354 1258 Φιλιστίδεω

146 1288 356 1378 Τηλεφάνεω
384 1288 449 1374 (23,
473 1290 506 1376 5)

143 1386 397 1474 Σφοόραγόρεω
421 1386 486 1472 (23,
514 1388 566 1475 12)

146 1487 358 1569 Φρυνικίδεω

144 1584 337 1670 Λεαγόρεω
416 1592 479 1669 (23,
503 1585 537 1671 6)

142 1683 343 1766 Βραττίδεω

130 1777 314 1860 Ἀλεξίδεω
338 1782 403 1866 (23,
430 1784 463 1870 7)

144 1876 352 1964 Σημαγόρεω

144 1976 295 2042 Νικίδεω
356 1879 460 2070 ((23’
484 1928 518 2014 8)

145 2073 328 2158 Κελαύρεω

141 2169 379 2260 Ἡγησαγόρεω
445 2182 507 2260 (23,
534 2178 585 2265 16)

144 2269 342 2339 Εὐαλκίδεω

125 2369 353 2437 ‘epitomica

145 2467 374 2560 Κυδραγόρεω

405 2393 420 2540 )
445 2421 509 2505 (23,
536 2420 599 2523 11).

235 2636 409 2702 Genetivoe
430 2637 526 2719 igitur
548 2638 721 2720 singularis
741 2646 772 2704 et
787 2639 922 2722 pluralis
944 2638 1101 2704 habemus
1123 2641 1173 2719 30,
1198 2658 1273 2720 quo·

143 2754 216 2799 rum
240 2737 279 2798 27
308 2734 438 2817 plenam
467 2743 598 2801 servant
619 2735 877 2802 terminationem
902 2760 963 2814 εω,
995 2741 1012 2802 3
1044 2735 1145 2803 solum
1170 2760 1196 2799 ω
1219 2754 1273 2801 ex·

144 2833 269 2907 hibent,
293 2838 348 2896 aut
370 2833 587 2899 contractione
609 2833 768 2899 vooalium
792 2858 853 2915 εω,
877 2841 933 2899 aut
955 2835 1089 2908 elisione
1111 2836 1232 2902 vooalie
1256 2861 1271 2903 ε

145 2938 268 2995 natum.
314 2927 429 3007 Causa,
452 2950 506 2995 our
529 2931 561 2995 in
584 2931 649 2997 illis
673 2939 880 3014 enervatum,
909 2931 942 2996 in
965 2932 1015 2998 hie
1038 2934 1198 2999 sublatum
1221 2934 1272 3016 sit,

144 3029 181 3092 in
204 3033 315 3109 aperto
338 3033 395 3109 eet,
420 3047 491 3093 oum
513 3029 545 3092 in
569 3028 633 3094 illis
656 3048 836 3095 consonans
858 3030 964 3094 voeali
987 3053 1003 3094 ε
1026 3032 1212 3114 anteeedat‚
1239 3032 1274 3097 in

144 3125 197 3190 his
220 3125 342 3189 vooaiis
364 3149 382 3188 v
405 3134 460 3190 aut
483 3149 510 3199 ι,
543 3126 589 3190 ita
616 3132 650 3191 ut
679 3134 805 3192 servato
834 3150 849 3191 ε
879 3133 944 3193 tres
966 3136 1192 3194 eoneurrerent
1220 3149 1274 3193 vo·

145 3223 244 3288 oaleo.

236 3335 296 3416 Qui
331 3336 415 3404 solos
448 3335 603 3403 Herodoti
636 3336 761 3403 oodioes
795 3338 893 3404 seouti
923 3337 963 3405 de
997 3339 1058 3404 hao
1085 3340 1274 3423 quaestione

147 3432 410 3519 disputaverunt,
440 3440 496 3499 aut
522 3453 647 3518 semper
675 3437 807 3520 plenam
829 3435 1088 3502 terminationem
1111 3438 1151 3502 ab
1175 3436 1274 3503 Hero-

146 3530 223 3606 doto
246 3539 406 3597 servatam
430 3552 500 3599 esse
522 3540 716 3598 censuerunt
746 3530 902 3618 (Dindorf
920 3535 942 3598 1.
965 3534 987 3599 l.
1010 3555 1041 3617 p.
1064 3533 1273 3616 x1‚Abioht,

145 3630 339 3697 Uebersioht
361 3636 419 3694 ete.
443 3650 473 3712 p.
498 3627 564 3711 32),
595 3636 651 3695 aut
679 3655 694 3696 ε
723 3630 757 3694 in
785 3630 825 3696 iis
855 3637 978 3696 tantum
1001 3630 1160 3713 genetiuis
1183 3631 1275 3698 elise-

145 3734 236 3808 runt,
265 3727 300 3791 in
330 3728 445 3810 quibus
465 3729 600 3794 alterum
622 3736 789 3812 praeterea
811 3752 826 3794 ε
849 3728 1010 3795 antecedit
1032 3727 1184 3812 (Bredow
1207 3731 1229 3794 1.
1251 3730 1273 3795 l.

146 3846 178 3909 p.
196 3828 275 3905 2183
298 3824 338 3889 H.
355 3824 454 3906 Stein,
471 3814 667 3909 Herodotos3
691 3826 761 3892 eoin
776 3825 888 3892 Leben
903 3825 970 3891 und
985 3826 1054 3892 sein
1071 3825 1275 3893 Geeohiohts-

147 3923 239 3988 werk
256 3929 316 3988 eto.
332 3943 362 4005 p.
376 3919 479 4005 LIII).
514 3922 626 4004 Neque
646 3923 694 3987 iili
718 3942 822 4005 neque
837 3923 870 3987 hi
893 3931 1013 3989 neotum
1029 3923 1150 3990 vidisse
1163 3923 1275 3991 viden·
