2828 4776
149 354 210 416 352
613 357 807 427 Chalkiopulos

148 533 223 605 495)
253 537 345 596 vetus
373 529 498 613 λαχμός
528 551 612 596 nunc
634 531 858 613 pronuntiatur
886 536 921 594 ut
950 530 1075 612 luxaris,
1110 530 1207 613 ἀτμός
1229 545 1255 603 ut

149 628 253 709 αχηύε,
279 624 480 713 ἆμφιβάλλω
503 629 629 694 Maced.
648 628 823 704 castriello,
847 627 901 691 ubi
924 631 952 691 θ
975 627 1082 710 pros
1096 633 1197 713 posita
1211 642 1256 700 est.

235 788 251 827 ν
277 769 417 828 mutatur
444 763 477 828 in
506 787 545 844 με
582 770 674 829 vetus
702 760 843 843 χλουνός
871 782 957 827 nune
987 767 1208 847 pronuntiatur
1232 777 1258 834 ut

144 861 273 941 plumes,
297 860 383 926 unde
404 861 537 926 verbum
558 862 716 941 plumidzo
739 861 918 926 derivatum
941 869 999 927 est.

428 1065 513 1142 βθῖ
534 1084 561 1124 π
583 1066 788 1125 mutantur
811 1060 851 1124 in
873 1084 897 1141 μ
920 1066 996 1136 (ml.

232 1210 311 1278 Cum
333 1211 441 1279 media
462 1212 592 1278 labialis
613 1216 636 1294 β
658 1213 846 1296 plerumque
867 1213 902 1278 in
923 1214 1105 1282 fricativam
1121 1238 1138 1278 c
1153 1225 1260 1285 mutata

144 1309 195 1391 sit,
219 1309 389 1394 interdum,
412 1310 584 1395 praecipue
600 1310 704 1376 masali
719 1331 738 1372 a
754 1317 919 1394 sequente,
942 1312 976 1376 in
998 1333 1028 1374 m
1043 1321 1192 1381 mutatur.
1218 1317 1260 1384 Sic

145 1405 298 1473 ἒλαύνιον
322 1427 363 1474 ex
385 1409 484 1474 verbo
507 1404 634 1474 ἐλαύνω
664 1427 749 1473 nunc
777 1409 1002 1492 pronuntiatur
1029 1410 1187 1492 ldmndcn)
1214 1434 1260 1498 per

45 1532 50 1541 ¹
144 1505 337 1588 aphaeresin
359 1505 481 1571 vocalis
505 1529 531 1570 ε.
573 1511 696 1586 χαῦνος
724 1526 795 1571 cum
823 1506 1044 1591 cprothetica
1071 1512 1260 1576 mutaturin

144 1603 300 1683 ripamaris.
352 1599 509 1683 εἰνοῦχος
545 1603 580 1667 in
618 1602 746 1684 mndpos
780 1623 838 1687 per
866 1606 1061 1688 aphaeresin
1092 1608 1213 1674 vocalis
1240 1633 1259 1690 ε,

144 1700 264 1766 deinde
292 1701 326 1766 im
352 1699 501 1780 mancipes
530 1700 641 1783 (vulg.)
663 1700 855 1766 intercalata
878 1724 906 1765 u.
931 1738 972 1748 —
994 1703 1072 1770 Post
1093 1726 1113 1766 r
1134 1705 1260 1772 litteram

144 1797 257 1863 eadem
280 1797 415 1864 mutatio
437 1797 523 1862 facta
545 1798 648 1863 estin
671 1797 790 1861 marma
812 1821 870 1883 pro
892 1797 1008 1887 τύρβη.

228 1918 256 1958 π
277 1894 322 1959 ἰιῖ
334 1916 363 1958 m
386 1895 513 1961 transiit
534 1895 568 1959 in
583 1893 720 1958 tumeam
741 1917 800 1979 pro
816 1894 986 1983 ῥουπάκια
1003 1918 1024 1963 a
1040 1895 1170 1984 ῥώπαξ,
1195 1898 1262 1988 ρώψ

143 1991 358 2070 (fruticetum).

432 2166 434 2170 Ι
545 2089 763 2157 tmutatur
785 2091 825 2156 in
847 2112 877 2155 n.

227 2246 289 2311 Pro
312 2245 325 2307 l
345 2242 471 2326 liquida
493 2243 527 2307 in
550 2241 697 2308 dialectis
719 2245 907 2326 neograecis
928 2245 1090 2311 interdum
1114 2267 1135 2309 n
1151 2251 1262 2315 nasalis

141 2348 292 2427 apparet,
323 2361 457 2425 quarum
491 2340 595 2406 altera
617 2341 749 2407 alterius
776 2341 811 2406 in
838 2341 943 2406 locum
972 2349 1105 2426 propter
1127 2346 1261 2411 similitu·

142 2441 250 2506 dinem
280 2438 442 2522 quandam
473 2437 570 2503 etiam
599 2437 672 2503 aliis
706 2437 740 2502 iu
768 2437 888 2521 linguis
916 2441 1149 2509 recentioribus
1177 2443 1262 2509 facile

141 2538 352 2604 substituitur.

225 2635 373 2717 Linguae
394 2633 536 2715 vulgaris
559 2633 693 2697 verbum
715 2628 838 2714 βάλλω,
865 2630 1017 2716 ἐκβάλλω
1040 2636 1075 2701 in
1090 2638 1262 2704 neelccrica

140 2731 231 2812 ccicc,
254 2730 354 2813 cyrino
377 2749 435 2813 per
451 2728 645 2796 metathesin
668 2749 709 2794 ex
724 2729 864 2812 (elyvrino
887 2732 1124 2815 pronuntiatur.
1169 2733 1262 2801 κατά-

138 2828 254 2910 χλυσις
271 2824 396 2908 (ἀχλύς)
411 2828 509 2910 vulgo
524 2827 748 2910 pronuntiatur
763 2826 910 2908 Ιῖαῖαχηὶά
926 2836 957 2894 θῖ
971 2829 1113 2910 Ιταῖὶχηίά
1130 2839 1164 2903 (α
1179 2863 1220 2882 --
1232 2835 1262 2910 cl.

141 2925 186 2992 Cf.
206 2925 349 2991 doricum
366 2929 528 3010 φίντατος
543 2943 601 3007 pro
617 2923 780 3010 φίλτατος
796 2925 943 3001 (Ahrems
962 2926 992 2991 d.
1009 2927 1085 2992 dial.
1104 2929 1173 2995 dor.
1187 2936 1261 3008 110).

542 3099 570 3159 θ
592 3100 765 3159 mutatur
786 3094 825 3159 in
848 3117 871 3157 r.

225 3245 337 3329 θλίβω
360 3266 445 3313 nunc
469 3247 692 3330 pronuntiatur
708 3247 797 3329 slz'yo.
843 3244 998 3328 θόλωμα,
1022 3246 1177 3329 deiterata
1193 3257 1261 3330 (do-

139 3342 225 3423 tdm)
254 3345 319 3410 iam
349 3350 450 3410 restat
477 3345 512 3409 im
540 3344 702 3407 calamitae
730 3344 961 3426 faeculentum,
991 3346 1047 3411 uhi
1077 3347 1194 3414 suffixa
1220 3355 1262 3415 est

139 3439 269 3527 syllaba
285 3441 355 3519 ara,
380 3460 462 3525 quae
478 3440 606 3524 quidem
623 3440 720 3506 hodie
735 3443 924 3526 saepissime
938 3445 1106 3527 reperitur,
1129 3447 1169 3512 cf.
1185 3446 1263 3510 chla-

140 3539 220 3602 Δάνα
257 3538 350 3615 (vitis
378 3558 444 3603 non
476 3545 614 3621 putata),
642 3538 764 3622 supatru
796 3540 954 3616 (scabies)
983 3547 1044 3606 eet.
1088 3543 1160 3609 Hoc
1187 3545 1261 3610 solet

139 3636 328 3721 praesertim
360 3634 421 3700 dici
450 3634 491 3700 de
520 3643 623 3702 musto
652 3637 851 3719 faeculent03
890 3637 986 3703 simili
1010 3641 1145 3707 notione
1172 3643 1259 3709 etiam

140 3733 227 3817 apud
258 3733 461 3799 Athenaeum
491 3733 523 3796 X
552 3754 583 3816 p.
606 3737 668 3799 420
692 3734 722 3799 d.
752 3734 869 3816 legitur
896 3734 1115 3820 ,,θολώτερθς
1145 3734 1260 3816 οἷνος.“

140 3828 304 3896 θυλάκιον
327 3850 412 3895 nunc
434 3830 659 3913 pronuntiatur
680 3839 715 3896 ut
736 3832 893 3913 θ’ῖάχὶῖθθ)
915 3834 1047 3900 notione
1071 3843 1182 3902 vetere
1203 3855 1260 3902 ser·

140 3934 224 3992 vata.
253 3928 326 3992 Nem
342 3926 515 3993 admodum
526 3927 693 3994 diversam
711 3929 919 3995 mutationem
934 3951 1066 4013 passum
1083 3941 1132 4000 θεῖ
1147 3937 1258 4021 udaia,
