2828 4776
85 357 130 412 De
148 374 278 415 sonorum
295 358 493 424 affectionibus,
513 373 581 428 quae
599 360 785 429 percipiuntur
802 362 831 433 iu
848 361 910 416 dial.
930 363 1089 418 neolocrica.
1128 360 1190 421 347

155 530 289 614 Spirans
311 531 484 596 alveolaris
508 532 597 596 fortis
618 553 634 594 s
651 533 812 598 emollitur
826 534 859 598 in
875 535 1069 600 alveolarem
1089 536 1196 601 leuem

66 647 98 707 z,
122 647 183 692 nec
197 627 301 694 minus
323 650 375 708 σσ,
400 649 482 712 quae
497 630 624 694 litterae
646 631 710 694 iam
733 629 789 696 diu
811 639 845 695 ut
866 654 882 693 r
904 634 1042 717 simplex
1058 654 1197 716 pronun-

65 725 169 790 tiatae
192 745 263 791 csse
285 727 444 808 videntur,
469 727 501 790 in
525 748 545 787 z
568 728 782 793 emolliuntur.

94 960 320 1044 Utriusque
342 964 584 1030 mutationis
609 965 797 1048 exempla
819 965 919 1030 haec
940 965 1027 1032 fere
1049 974 1160 1034 sunt:

154 1111 304 1198 Σάκχαρ,
335 1114 497 1200 σάκχαρις
526 1123 557 1182 et
585 1115 752 1201 σάκχαρον
781 1118 837 1182 lat.
865 1117 1030 1180 sorborum
1056 1140 1196 1202 pronun·

64 1212 165 1278 tiatur
192 1219 227 1277 ut
249 1213 390 1292 adpotus,
422 1212 617 1298 σάπφειρος
644 1221 679 1279 ut
700 1213 803 1295 chrbi
825 1215 902 1284 (vid.
926 1217 1058 1282 Passov.
1080 1217 1194 1301 Popul.

66 1309 173 1374 Oarm.
199 1309 258 1374 ὁυὸ
283 1310 464 1396 {certarat
494 1309 675 1396 Σάπφειρα
705 1319 739 1376 ut
766 1311 875 1394 zosr'rn
905 1320 937 1378 et
959 1313 1085 1396 afile,
1117 1313 1196 1399 σόγ-

65 1431 127 1484 κος
151 1415 183 1473 et
206 1405 326 1492 σόγχος
347 1416 382 1472 ut
404 1409 481 1488 aopi
500 1416 531 1474 et
555 1410 716 1489 zoprlrioa.
760 1405 935 1490 Ἐσοχάδες
964 1419 1037 1493 post
1059 1413 1193 1477 eiectam

66 1529 81 1570 s
107 1512 246 1569 mutatur·
268 1507 301 1569 in
325 1505 470 1586 concides.
514 1514 591 1572 ante
612 1532 645 1588 μ,
669 1508 697 1588 λ,
720 1511 752 1588 β,
777 1530 811 1590 y:
842 1512 947 1591 zrntyo
977 1528 1017 1573 ex
1046 1514 1196 1592 μίγνυμι,

65 1603 162 1666 zerbo
192 1624 232 1670 ex
263 1608 422 1685 σβέννυμι
459 1612 518 1670 cet.
573 1604 670 1687 Apud
698 1605 892 1672 Macedones
921 1606 1151 1673 Chalcidenses
1180 1630 1196 1670 s

65 1694 229 1768 emollitur
252 1702 346 1766 etiam
371 1710 447 1768 ante
469 1727 497 1783 τ,
520 1708 555 1766 ut
577 1702 691 1785 zdru'yo
705 1733 748 1752 ==
764 1701 906 1786 στρύγλη
931 1704 988 1783 (ibi
1010 1705 1095 1770 enim
1118 1729 1136 1768 τ
1162 1711 1198 1770 ut

65 1800 89 1862 d
110 1800 357 1882 pronuntiatur).
401 1801 528 1865 Similia
551 1799 701 1882 exempla
722 1799 930 1865 inveniuntur
957 1802 990 1866 in
1019 1804 1195 1886 posteriore

65 1898 259 1979 antiquitate
275 1895 453 1979 ζβθννύναι,
479 1897 690 1982 ζμερὸαλέος,
716 1893 844 1983 ζμινύη.
882 1918 958 1964 zex
973 1921 1004 1960 ss
1026 1900 1060 1964 in
1080 1899 1197 1966 mediis

64 2000 193 2060 tantum
224 1995 390 2060 vocabulis
418 1994 487 2061 fieri
515 2014 611 2077 posse
641 2000 892 2066 consentaneum
923 2002 979 2060 est.
1024 1998 1085 2060 Pro
1117 2020 1196 2062 στα-

64 2090 183 2157 λάσσω
220 2092 316 2174 igitur
350 2093 448 2158 hodie
476 2092 598 2154 staldao
627 2088 770 2168 auditur,
807 2112 865 2175 pro
904 2091 1049 2179 φράσσω
1077 2094 1195 2177 serico,

65 2187 211 2274 πράσσω
234 2189 353 2273 prdzc,
386 2194 521 2276 φρίσσω
540 2188 651 2271 sru'zo,
682 2185 845 2268 μαλάσσω
868 2190 1008 2272 maldzo,
1039 2183 1195 2257 ἇλλάσσω

65 2287 182 2361 allrizc,
207 2283 346 2371 ἇράσσω
369 2288 479 2364 crozo,
502 2286 624 2349 arlrrizo
648 2304 689 2350 ex
712 2283 926 2370 δράσσομαι,
950 2287 1057 2351 tindzc
1081 2310 1121 2356 ex
1144 2313 1195 2354 τι-

64 2383 192 2450 νάσσω.

152 2482 264 2547 Liccat
284 2480 363 2546 mibi
385 2481 437 2546 bio
459 2501 563 2565 pauca
592 2480 634 2547 dc
654 2479 762 2547 littera
788 2479 807 2560 ζ
832 2481 1047 2566 interponere.
1092 2482 1194 2550 Huius

64 2582 194 2647 litterae
216 2598 314 2645 sonus
329 2578 385 2645 ille
403 2579 525 2663 duplex
540 2578 614 2656 (dr),
639 2598 732 2661 quem
748 2578 923 2661 antiquitus
938 2579 1037 2646 fuisse
1059 2588 1193 2661 constat,

64 2681 99 2744 in
123 2677 301 2760 simplicem
329 2676 504 2760 spirantem
527 2677 633 2742 lenem
661 2676 777 2741 mutari
803 2683 934 2760 coeptus
957 2685 1022 2756 est,
1054 2685 1089 2744 ut
1116 2678 1196 2743 mihi

64 2776 210 2856 videtur,
248 2775 312 2838 iarn
342 2775 502 2840 veteribus
530 2775 564 2840 in
593 2775 742 2840 dialectis
770 2774 909 2858 graecis,
942 2776 1131 2857 praesertim
1161 2776 1195 2841 in

65 2872 246 2939 Tarentina
282 2879 314 2937 et
347 2872 501 2957 Cyprica,
539 2872 595 2936 ubi
631 2892 702 2936 cum
741 2872 831 2937 aliud
868 2870 1006 2955 duplicis
1042 2871 1196 2956 spirantis

64 2971 149 3038 lenis
179 2990 220 3030 aa
249 2969 374 3051 signum
405 2971 547 3046 deesset,
578 2969 723 3035 similiter
752 2975 849 3052 atque
877 2968 911 3033 in
939 2971 1081 3035 romanis
1103 2988 1196 3053 grae·

63 3088 174 3134 corum
197 3067 425 3132 vocabulorum
447 3066 712 3132 translationibus
742 3085 840 3131 sonus
864 3086 882 3126 z
910 3066 1025 3132 mediis
1047 3066 1080 3130 in
1103 3086 1196 3131 voca·

64 3154 153 3230 bulis
175 3184 234 3247 per·
255 3185 286 3226 ss
308 3164 513 3230 reddebatur.
558 3163 643 3228 Nam
671 3163 726 3245 qui
754 3163 820 3228 illis
843 3161 989 3233 dialectis
1011 3162 1194 3242 utebantur,

63 3263 130 3329 iam
152 3269 220 3326 tum
243 3261 269 3341 ζ,
293 3281 363 3326 cum
381 3261 443 3327 duo
460 3262 528 3328 eius
543 3261 704 3325 elementa
726 3259 808 3325 inter
824 3280 859 3326 se
874 3260 1063 3325 assimulata
1078 3265 1196 3341 essent,

63 3380 132 3425 non
154 3366 220 3424 tam
244 3358 285 3422 dz
308 3380 403 3442 quam
425 3381 467 3421 az
490 3357 752 3448 pronuntiabant,
780 3357 834 3440 qui
857 3377 954 3423 sonus
977 3355 1097 3440 duplex
1118 3377 1196 3440 pan·

63 3457 158 3523 latim
180 3457 214 3521 in
237 3456 415 3540 simplicem
435 3480 455 3519 z
478 3461 660 3522 attenuatus
676 3460 733 3519 est.
778 3454 847 3520 Hac
862 3455 987 3520 ratione
1002 3452 1197 3537 explicanda

64 3560 143 3622 sunt
171 3554 350 3619 Tarentina
378 3554 478 3620 verba
508 3553 703 3632 σαλπίσσω,
738 3550 883 3638 opauco
907 3571 964 3635 pro
987 3551 1092 3616 atticis
1115 3550 1198 3616 σαλ-

64 3650 166 3731 πίζω,
191 3649 320 3738 φράζω.

153 3750 270 3815 Postea
298 3749 418 3815 formas
445 3750 549 3823 tales,
583 3748 697 3830 quales
726 3753 800 3811 sunt
813 3788 815 3793 ·
829 3745 945 3826 πλάζω
980 3753 1012 3812 et
1040 3742 1195 3830 πλήσσω,

65 3843 179 3926 ἆνάζω
203 3852 235 3913 et
258 3841 406 3927 ἀνάσσω,
431 3839 567 3929 ἆρμόζω
584 3851 616 3910 et
631 3841 804 3928 ἁρμόσσω,
829 3865 899 3909 oum
923 3843 1071 3910 similiter
1093 3843 1197 3909 altera

66 3965 109 4013 ex
140 3945 243 4010 altera
272 3943 398 4009 mollita
427 3963 499 4010 esse
521 3942 698 4023 videretur,
729 3942 864 4007 multum
892 3941 935 4007 ad
958 3948 1080 4023 cetera,
1114 3958 1197 4023 quae

936 4040 991 4094 23*
