2828 4776
248 337 309 400 284
760 337 863 392 Erman

333 516 362 576 3.
407 511 482 576 Non
502 512 608 577 minus
629 510 794 574 titulorum
821 506 1004 575 testimonio
1027 507 1176 573 destituti
1198 526 1314 587 snmus,
1338 507 1359 572 si

246 630 324 677 vera
345 608 592 693 praepositionis
614 605 713 673 ἕνεκα
735 607 837 671 forma
855 605 962 670 ionica
976 605 1149 688 quaeritur.
1187 605 1261 670 Dno
1281 604 1360 686 enin,

247 709 281 773 in
298 708 413 791 quibus
429 707 571 789 occunit,
588 706 709 771 saeculi
724 704 828 787 quarti
840 704 924 769 tituli
939 707 1008 782 (243
1022 700 1196 781 3111111111
1213 702 1361 786 praebent„

249 825 312 888 qua
333 804 435 869 forma
457 804 554 869 Attici
578 822 704 885 quoque
724 802 905 867 utebantur.

334 907 363 966 4.
406 900 517 966 Ionica
546 899 703 966 dialectus
730 900 764 964 in
785 917 865 966 voce
894 900 1011 978 §aaron
1038 896 1196 962 iacturam
1227 897 1364 982 spirantis

248 1025 270 1064 r
291 997 505 1084 supplemus,
536 1017 631 1079 quam
654 1004 788 1077 vocant,
815 996 936 1063 vocalis
959 1019 975 1060 ε
998 986 1211 1079 productione
1233 1013 1366 1078 compen·

248 1097 347 1177 savit,
377 1097 423 1160 111
452 1101 487 1159 ut
510 1096 618 1175 ξεῖνος
646 1102 840 1161 nasceretur.
884 1091 990 1158 Valde
1017 1093 1113 1176 igitur
1143 1092 1277 1158 dubium
1300 1091 1366 1157 mihi

248 1193 384 1270 videtur,
407 1213 483 1258 num
505 1199 592 1259 recte
606 1180 804 1259 Lenormant
824 1191 859 1256 in
874 1189 1057 1256 nominibus
1071 1191 1213 1274 propriis
1235 1191 1365 1270 1ξεῖνος
1402 1206 1404 1211 ·

251 1291 414 1373 derivatis,
441 1291 579 1373 quaein
600 1291 702 1355 titulis
724 1290 875 1355 Euboicis
898 1294 941 1370 (4,
964 1293 994 1352 4.
1020 1291 1068 1353 18.
1095 1292 1156 1354 145
1179 1293 1365 1363 111111111-

249 1395 333 1471 runt,
357 1392 386 1452 E
406 1408 465 1472 pro
488 1395 596 1453 nostro
620 1412 635 1453 ε
659 1389 810 1473 scriptum
833 1406 904 1454 esse
918 1392 1019 1471 putet,
1040 1385 1231 1469 pracsertim
1254 1385 1365 1451 cumin

247 1487 349 1552 titulis
371 1485 500 1551 Thasiis
522 1485 751 1551 recentioribus
774 1488 838 1566 (23,
862 1489 891 1550 6.
915 1487 944 1550 8.
962 1487 1013 1556 16)
1035 1483 1164 1567 plenior
1185 1488 1315 1549 servata
1334 1481 1365 1547 sit

249 1584 351 1650 forma
387 1583 421 1647 in
464 1582 648 1648 nominibus
683 1582 835 1666 propriis:
885 1581 1141 1662 ΞΕΙΝΗΡΗΣ,
1178 1579 1364 1658 ΞΕΙΝΙΟΣ,
1401 1564 1404 1597 ¹

250 1680 596 1749 ΞΕΙΝΟΦΑΝΕΥΣ.
634 1677 835 1762 Quamquam
850 1685 882 1744 et
903 1679 938 1743 in
959 1678 1010 1743 his
1032 1677 1111 1761 ipsis
1134 1677 1238 1744 titulis
1253 1676 1366 1743 Thuriis

154 1833 156 1837 ,
250 1783 283 1842 11
309 1777 344 1841 in
374 1776 448 1842 aliis
479 1777 709 1842 recentioribus
738 1783 885 1861 correpta
916 1795 1043 1858 quoque
1072 1775 1238 1841 invenitur
1270 1775 1365 1854 forma

251 1893 333 1957 quae
355 1880 464 1940 tamen
485 1874 572 1939 haud
595 1873 691 1941 dubie
714 1895 755 1941 11
776 1875 874 1940 attica
892 1873 1031 1939 dialecto
1052 1873 1086 1938 in
1109 1873 1221 1938 titulos
1236 1879 1365 1957 penetra-

178 1998 182 2005 *
250 1971 336 2038 visse
357 1971 520 2038 censenda
542 1978 600 2039 cst.

438 2280 510 2355 §8.
555 2277 614 2341 DE
636 2274 785 2343 IONIOO
809 2299 846 2340 ov
870 2274 953 2341 PRO
977 2273 1136 2342 ATTICO
1160 2298 1190 2340 o.
1223 2320 1225 2338 .

336 2456 376 2520 ln
402 2453 580 2520 scribendis
602 2455 649 2520 cis
671 2456 759 2521 sonis
781 2454 964 2536 vocalibus,
995 2474 1073 2536 quos
1101 2454 1203 2520 hodie
1228 2455 1297 2521 sine
1317 2452 1367 2517 dis·
1402 2446 1404 2473 ³

252 2552 384 2618 crimine
405 2550 519 2617 litteris
542 2574 580 2615 ov
603 2552 782 2619 coniunctis
803 2553 1026 2635 designamus,
1056 2551 1171 2617 similis
1196 2551 1233 2616 in
1254 2549 1367 2616 vetusti·

253 2647 361 2712 oribus
384 2647 486 2713 titulis
508 2656 644 2732 apparet
666 2650 827 2716 distinctio
849 2657 945 2732 atque
966 2650 1001 2714 in
1022 2648 1193 2715 scribendo
1209 2655 1316 2714 nostro
1335 2670 1366 2723 ει,
1402 2622 1404 2669 ¹

253 2745 452 2810 constantius
478 2751 586 2810 tamen
602 2766 697 2828 quam
712 2748 770 2812 illa
784 2748 965 2813 observata.
1011 2748 1140 2832 Duplex
1154 2746 1215 2811 1111
1229 2745 1327 2813 nostri
1338 2766 1366 2807 ov

254 2843 411 2925 scriptura
431 2842 464 2907 in
487 2843 635 2910 omnibus
657 2845 740 2912 11111
762 2851 795 2910 11
809 2845 911 2927 quinti
927 2845 1048 2910 saeculi
1068 2844 1171 2910 titulis
1193 2863 1257 2910 nco
1270 2841 1368 2910 nonin

253 2939 517 3023 Amphipolitano
550 2943 613 3019 (25)
650 2942 851 3007 adhibetur„
889 2940 1066 3024 Quinquies
1103 2947 1135 3006 et
1172 2939 1368 3024 quinquagies

253 3044 398 3104 nostrum
432 3061 470 3102 ov
501 3038 543 3102 irr
568 3037 670 3104 titulis
702 3039 767 3104 illis
796 3039 925 3104 obvium
955 3047 1018 3105 est:
1052 3039 1229 3104 duodecies
1260 3036 1369 3123 plenior

196 3219 199 3225 Ι
253 3142 360 3204 exstat
398 3135 555 3219 scriptura
591 3137 667 3216 ΟΥ,
705 3142 754 3201 ter
793 3143 825 3202 et
863 3136 1057 3221 quadragies
1093 3155 1192 3201 unum
1233 3136 1368 3219 scriptun

254 3239 305 3300 est
330 3235 369 3297 0.

340 3331 387 3396 Ac
409 3331 546 3414 primum
568 3328 697 3411 quidem
720 3332 761 3394 28
783 3331 925 3412 genetivi
943 3329 1116 3414 singularis
1138 3329 1288 3413 stirpium
1308 3329 1338 3394 in
1356 3347 1368 3389 o

257 3428 441 3496 exeuntium
462 3427 673 3492 terminantur
693 3426 801 3492 littera
827 3430 855 3494 Ο
877 3448 935 3512 pro
959 3451 997 3491 ov
1020 3427 1148 3510 scripta.
1186 3426 1371 3495 811111111-

241 3533 322 3591 tum
348 3527 445 3591 ΤΟΥ
462 3530 570 3589 nostro
592 3542 680 3589 more
702 3525 855 3608 scriptum
876 3525 1052 3609 reperimus
1071 3526 1133 3605 (25,
1155 3527 1218 3601 13).
1262 3522 1370 3590 Eudenl

257 3622 438 3690 constantia
465 3621 499 3686 in
521 3620 712 3686 accusativis
734 3621 870 3704 pluralis
898 3620 1041 3689 eiusdem
1069 3621 1298 3688 declinationis
1322 3627 1371 3686 ter·

259 3721 391 3785 minatio
419 3741 488 3801 ους,
518 3736 601 3800 quae
623 3717 832 3801 productione
860 3719 1059 3804 suppletoria
1081 3737 1122 3785 11
1146 3741 1204 3796 cog
1227 3722 1369 3794 1111111

258 3816 374 3883 litteris
400 3818 458 3882 ΟΣ
479 3814 681 3898 designatur:
710 3817 781 3882 sola
808 3815 1226 3882 111111ΒΑΡΒΑΡΟΥΣ
1251 3819 1370 3898 excepta

260 3916 322 3998 (13,
346 3918 409 3991 26).
