2828 4776
556 327 588 381 de
606 328 749 384 metathesi
764 343 871 398 graeca.
1207 327 1268 390 195

146 501 318 565 formarum
342 498 402 586 ῥήν
426 501 470 578 (11
492 496 686 586 πολυάρρην
708 499 792 575 sim.)
823 507 855 566 et
883 496 963 585 ἀρν-
985 501 1030 579 (11
1053 497 1171 587 epe-og
1199 509 1273 579 cet.)

145 598 393 681 discrepantiam
432 619 498 662 non
534 604 611 681 puto
639 617 660 662 a
687 597 839 681 stirpibus
881 621 964 684 rapu
1008 623 1092 685 spes
1134 598 1274 683 proticis-

143 694 282 761 eendum
316 715 386 761 esse
419 693 517 773 (ont.
545 716 576 778 p.
606 697 680 772 322)
703 714 839 760 -cum
870 696 939 762 rad.
968 717 1026 758 var
1048 703 1211 780 (tegere,
1241 718 1271 763 v.

143 794 167 858 F
169 792 294 857 iekium
314 813 345 875 p.
373 795 444 869 182)
473 792 528 856 vix
556 792 659 856 solum
682 817 699 857 ν
722 798 884 875 tamquam
913 793 1061 859 suffixum
1086 793 1272 879 adsumpse-

141 892 182 955 rit
208 927 266 972 -‚
296 889 353 956 sed
375 909 396 955 a
417 896 455 956 st.
478 912 584 973 ropac
618 889 669 967 (cf.
692 909 751 956 scr.
775 910 873 971 uraca
905 912 963 974 pro
996 889 1271 958 *ναν-11111111.

141 988 162 1052 l.
179 989 224 1066 l.).
271 988 354 1052 Hinc
376 983 477 1072 ἀρνός
499 1006 642 1071 syncope
664 993 699 1051 ut
726 983 849 1070 ἀνδρός
872 1008 891 1055 o
912 994 950 1054 st.
974 984 1071 1074 ἆνερ,
1101 990 1272 1056 metathesi

139 1093 252 1152 autem
281 1081 438 1167 ἇρ-νά-σι
467 1091 502 1150 ut
527 1081 705 1166 ἀνδ-ρά-σι
727 1083 855 1166 prodiit.
900 1084 1270 1172 of.eoppii‘vg1.gr.’

139 1183 175 1248 1³
197 1205 231 1266 p.
257 1186 327 1265 507,
352 1182 452 1249 Curtii
474 1180 748 1264 ‘Erlttuterungen’
770 1184 781 1215 ²
802 1204 834 1267 p.
858 1172 921 1248 67.

184 1419 242 1485 IV.
266 1421 322 1485 De
350 1417 559 1483 radicibus
589 1438 781 1500 consona,
809 1419 958 1501 vocali,
981 1419 1141 1501 liquida
1162 1421 1225 1486 vei

472 1515 609 1580 nasali
639 1517 939 1596 constantibus.

657 1672 675 1745 ξ
702 1672 751 1734 to.

227 1802 359 1885 Aliquot
392 1801 553 1867 radicibus
582 1822 739 1884 consona,
772 1804 889 1883 vocali,
924 1804 1048 1886 liquida
1079 1807 1132 1871 vei
1164 1805 1270 1871 nasali

136 1900 362 1966 constantibus
398 1900 459 1965 hoc
494 1900 658 1983 proprium
694 1908 760 1979 est,
803 1907 838 1965 ut
879 1903 985 1965 vocali
1021 1903 1201 1987 postposita
1237 1910 1270 1969 et

134 2000 328 2083 plerumque
368 1996 523 2079 producta
562 2017 667 2062 novae
702 2005 866 2079 tamquam
902 1997 1028 2063 radices
1064 2007 1153 2065 ortae
1192 2000 1267 2081 sint,

135 2115 225 2179 quae
258 2095 292 2160 in
325 2094 553 2160 vocabulorum
587 2094 778 2160 formatione
814 2115 871 2177 pro
908 2096 1068 2179 primariis
1104 2096 1266 2162 radicibus

133 2193 344 2259 adhibentur.

225 2291 264 2355 In
286 2289 477 2373 quibusdam
499 2308 575 2354 vero
591 2295 805 2354 transmutata
819 2288 921 2354 forma
936 2309 1041 2371 paene
1057 2290 1128 2355 sola
1142 2297 1266 2372 regnat.

135 2389 191 2455 Sic
213 2389 278 2452 iam
301 2393 376 2453 ante
397 2386 703 2471 Indogermanornm
728 2386 903 2452 discessum
924 2386 994 2452 rad.
1015 2407 1078 2469 part
1100 2386 1152 2464 (11.
1174 2386 1266 2454 zend.

136 2508 198 2550 sarr
223 2486 307 2552 Justi
332 2489 401 2562 121,
434 2484 672 2568 1111111111
699 2484 853 2549 noscendi
882 2483 1114 2567 significatione
1141 2485 1176 2549 in
1202 2488 1266 2567 ped

134 2590 262 2649 mutata
284 2588 347 2657 est,
370 2582 531 2664 adquam
552 2581 670 2647 radicis
691 2580 826 2647 formam
848 2600 907 2647 scr.
927 2580 1122 2663 ‚dne-taem),
1145 2601 1192 2664 gr.
1214 2605 1267 2665 ys-

134 2679 314 2766 γνώ-σκω,
343 2680 399 2744 lat.
420 2699 568 2761 prro-sco,
581 2679 583 2682 ⁴
598 2679 705 2744 theod.
729 2686 793 2745 vet.
815 2679 915 2742 leod-a
937 2681 1037 2757 cet.⁷⁷)
1059 2688 1102 2759 (u.
1125 2679 1210 2745 Curt.
1233 2701 1266 2764 p.

137 2782 211 2855 169)
235 2776 380 2842 redeunt.
425 2776 578 2842 Similiter
598 2775 667 2842 rad.
685 2778 745 2839 dre
766 2778 801 2843 in
823 2798 869 2861 gr.
895 2775 1013 2860 ὁρᾶ-ω,
1038 2774 1210 2861 ἀπο-ὁρᾶν
1232 2784 1265 2843 11

135 2898 195 2944 ser.
222 2876 281 2937 dre
303 2873 413 2956 fugio
436 2873 535 2949 (Ourt.
559 2893 589 2956 p.
614 2877 688 2949 223)
711 2874 755 2940 ad
783 2875 850 2940 rad.
880 2873 967 2939 *dar
995 2875 1178 2941 revocanda
1206 2883 1264 2957 est,

135 2993 221 3056 qnae
242 2971 372 3054 quidem
394 2971 520 3053 integra
540 2991 696 3054 nusquam
719 2972 926 3055 conspicitur,
956 2972 1014 3038 sed
1042 2972 1186 3038 subiecta
1216 2981 1266 3039 est

133 3069 336 3137 secundariis
352 3068 512 3134 radicibus
536 3068 641 3153 δρα-μ
664 3078 696 3135 et
719 3070 894 3151 δρα-11111
918 3068 1057 3153 ὁρέμ-ω,
1081 3068 1265 3155 deon-ecee

134 3168 249 3236 oet.⁷⁸t.
294 3166 390 3230 Hand
412 3166 476 3232 seio
499 3188 541 3231 an
564 3167 678 3233 eodem
696 3167 791 3232 modo
814 3165 1022 3230 iudicandum
1041 3166 1082 3231 sit
1097 3165 1138 3232 de
1154 3165 1263 3249 ὁρᾶ-ω

134 3267 148 3331 1
152 3267 260 3346 acio,
296 3283 430 3345 quocum
454 3262 579 3328 Curtius
601 3286 632 3347 p.
656 3268 717 3329 223
747 3264 794 3329 lit.
817 3264 934 3325 dar-att
956 3263 1132 3346 componit3
1155 3283 1264 3345 quam·

204 3518 238 3581 71)
257 3515 349 3570 Praes.
367 3511 494 3586 q'dmdmt'
510 3529 525 3568 e
542 3514 663 3569 breviore
687 3514 744 3571 rad.
762 3512 799 3585 ῥὰ
816 3545 849 3553 -
868 3513 902 3569 cf.
921 3513 998 3569 zend.
1010 3513 1048 3585 jo
1066 3512 1138 3567 Justi
1157 3517 1204 3566 125
1225 3543 1255 3551 —
1297 3525 1301 3534 ·

136 3597 281 3654 formatum
299 3600 347 3662 est,
365 3612 389 3649 v.
408 3595 507 3664 Boppii
523 3610 632 3663 gramm.
651 3612 703 3650 scr.
722 3599 737 3660 ξ
758 3600 815 3649 346.

203 3680 238 3743 ⁷⁷)
256 3675 347 3730 Etiam
364 3675 459 3729 lituan.
479 3677 578 3730 sino-ti
593 3676 646 3730 huc
663 3675 764 3729 referre
781 3675 859 3740 licet,
872 3690 938 3750 ,cum
956 3676 967 3728 1
982 3673 1084 3728 vocalis
1101 3672 1261 3742 interposita

138 3759 260 3814 uideatur
277 3763 311 3820 tv.
328 3756 402 3810 Pott.
421 3757 464 3808 W.
483 3756 497 3808 I
514 3774 539 3826 p.
559 3760 593 3812 21.

203 3840 236 3904 ⁷⁸)
256 3837 342 3907 Quam
359 3836 485 3890 Kuhnius
503 3836 536 3890 de
552 3837 594 3892 his
613 3842 640 3891 et
662 3833 782 3905 cognatis
806 3833 943 3890 radicibus
964 3833 1079 3908 protudit
1101 3832 1259 3890 sententiam

138 3917 288 3987 t‘Beitr'age’
307 3917 327 3984 1,
347 3921 404 3984 356,
422 3915 479 3971 KZ.
498 3916 558 3981 VII,
577 3921 637 3984 320)
656 3933 687 3971 ea
704 3915 816 3986 probari
832 3914 877 3968 vix
894 3920 1009 3985 potest.-

1001 4000 1054 4054 13*
