<?xml version="1.0" encoding="UTF-8"?>
<!DOCTYPE html PUBLIC "-//W3C//DTD XHTML 1.0 Transitional//EN"
    "http://www.w3.org/TR/xhtml1/DTD/xhtml1-transitional.dtd">
<html xmlns="http://www.w3.org/1999/xhtml" xml:lang="en" lang="en">
 <head>
  <title>
</title>
<meta http-equiv="Content-Type" content="text/html;charset=utf-8" />
  <meta name='ocr-system' content='tesseract 3.04.00' />
  <meta name='ocr-capabilities' content='ocr_page ocr_carea ocr_par ocr_line ocrx_word'/>
</head>
<body>
  <div class='ocr_page' id='page_1' title='image "./studienzurgriec02curtgoog_0292.png"; bbox 0 0 2828 4776; ppageno 0'>
   <div class='ocr_carea' id='block_1_1' title="bbox 290 348 1216 425">
    <p class='ocr_par' dir='ltr' id='par_1_1' title="bbox 290 348 1216 425">
     <span class='ocr_line' id='line_1_1' title="bbox 290 348 1216 425; baseline 0.006 -21"><span class='ocrx_word' id='word_1_1' title='bbox 290 420 292 425; x_wconf 14' lang='grc' dir='ltr'><strong><em>Α</em></strong></span> <span class='ocrx_word' id='word_1_2' title='bbox 405 351 446 408; x_wconf 89' lang='lat' dir='ltr'>De</span> <span class='ocrx_word' id='word_1_3' title='bbox 464 351 606 406; x_wconf 91' lang='lat' dir='ltr'>titulorum</span> <span class='ocrx_word' id='word_1_4' title='bbox 622 351 773 408; x_wconf 87' lang='lat' dir='ltr'><strong>ionicorum</strong></span> <span class='ocrx_word' id='word_1_5' title='bbox 791 353 914 410; x_wconf 81' lang='lat' dir='ltr'>dialecto.</span> <span class='ocrx_word' id='word_1_6' title='bbox 1157 348 1216 413; x_wconf 77' lang='lat'>281</span> 
     </span>
    </p>
   </div>
   <div class='ocr_carea' id='block_1_2' title="bbox 109 516 1219 998">
    <p class='ocr_par' dir='ltr' id='par_1_2' title="bbox 109 516 1219 703">
     <span class='ocr_line' id='line_1_2' title="bbox 109 516 1219 608; baseline 0.005 -24"><span class='ocrx_word' id='word_1_7' title='bbox 109 528 217 603; x_wconf 88' lang='lat' dir='ltr'>erunt,</span> <span class='ocrx_word' id='word_1_8' title='bbox 241 520 306 586; x_wconf 94' lang='lat' dir='ltr'>duo</span> <span class='ocrx_word' id='word_1_9' title='bbox 322 529 451 589; x_wconf 82' lang='lat' dir='ltr'>exstant</span> <span class='ocrx_word' id='word_1_10' title='bbox 468 525 618 607; x_wconf 85' lang='lat' dir='ltr'>exempla</span> <span class='ocrx_word' id='word_1_11' title='bbox 640 549 660 586; x_wconf 91' lang='grc' dir='ltr'><strong>α</strong></span> <span class='ocrx_word' id='word_1_12' title='bbox 682 524 754 608; x_wconf 86' lang='lat' dir='ltr'>p&#39;uri</span> <span class='ocrx_word' id='word_1_13' title='bbox 776 516 872 592; x_wconf 86' lang='lat' dir='ltr'>attico</span> <span class='ocrx_word' id='word_1_14' title='bbox 894 545 983 592; x_wconf 91' lang='lat' dir='ltr'>more</span> <span class='ocrx_word' id='word_1_15' title='bbox 1003 546 1069 591; x_wconf 94' lang='lat' dir='ltr'>non</span> <span class='ocrx_word' id='word_1_16' title='bbox 1090 528 1219 593; x_wconf 86' lang='lat' dir='ltr'>mutati:</span> 
     </span>
     <span class='ocr_line' id='line_1_3' title="bbox 109 615 818 703; baseline 0.01 -24"><span class='ocrx_word' id='word_1_17' title='bbox 109 615 303 703; x_wconf 78' lang='lat' dir='ltr'>lvoayo&#39;pug</span> <span class='ocrx_word' id='word_1_18' title='bbox 327 623 459 700; x_wconf 68' lang='grc'>(6111)</span> <span class='ocrx_word' id='word_1_19' title='bbox 484 628 515 687; x_wconf 87' lang='lat' dir='ltr'>et</span> <span class='ocrx_word' id='word_1_20' title='bbox 535 617 665 697; x_wconf 78' lang='grc' dir='ltr'><strong><em>Ἐσνέας</em></strong></span> <span class='ocrx_word' id='word_1_21' title='bbox 688 625 730 700; x_wconf 83' lang='grc'>(4,</span> <span class='ocrx_word' id='word_1_22' title='bbox 754 624 818 698; x_wconf 81' lang='lat'><strong>52).</strong></span> 
     </span>
    </p>

    <p class='ocr_par' dir='ltr' id='par_1_3' title="bbox 109 716 1219 998">
     <span class='ocr_line' id='line_1_4' title="bbox 177 716 1219 804; baseline 0.005 -23"><span class='ocrx_word' id='word_1_23' title='bbox 177 716 274 800; x_wconf 87' lang='lat' dir='ltr'>Apud</span> <span class='ocrx_word' id='word_1_24' title='bbox 296 717 436 800; x_wconf 84' lang='lat' dir='ltr'>reliquos</span> <span class='ocrx_word' id='word_1_25' title='bbox 459 719 556 784; x_wconf 91' lang='lat' dir='ltr'>Ionas</span> <span class='ocrx_word' id='word_1_26' title='bbox 584 738 695 785; x_wconf 87' lang='lat' dir='ltr'>omnes</span> <span class='ocrx_word' id='word_1_27' title='bbox 723 719 804 784; x_wconf 89' lang='lat' dir='ltr'>haee</span> <span class='ocrx_word' id='word_1_28' title='bbox 833 722 888 785; x_wconf 88' lang='grc'>161</span> <span class='ocrx_word' id='word_1_29' title='bbox 912 719 965 784; x_wconf 95' lang='lat' dir='ltr'>diu</span> <span class='ocrx_word' id='word_1_30' title='bbox 987 721 1105 803; x_wconf 86' lang='lat' dir='ltr'>valuit,</span> <span class='ocrx_word' id='word_1_31' title='bbox 1134 727 1219 804; x_wconf 91' lang='lat' dir='ltr'>post-</span> 
     </span>
     <span class='ocr_line' id='line_1_5' title="bbox 109 814 1219 900; baseline 0.009 -25"><span class='ocrx_word' id='word_1_32' title='bbox 109 829 188 876; x_wconf 90' lang='lat' dir='ltr'>uam</span> <span class='ocrx_word' id='word_1_33' title='bbox 211 814 297 881; x_wconf 85' lang='lat' dir='ltr'>aliae</span> <span class='ocrx_word' id='word_1_34' title='bbox 319 815 439 882; x_wconf 88' lang='lat' dir='ltr'>multae</span> <span class='ocrx_word' id='word_1_35' title='bbox 455 815 585 883; x_wconf 77' lang='lat' dir='ltr'>dialecti</span> <span class='ocrx_word' id='word_1_36' title='bbox 599 816 813 900; x_wconf 86' lang='lat' dir='ltr'>proprietates</span> <span class='ocrx_word' id='word_1_37' title='bbox 827 816 892 882; x_wconf 86' lang='lat' dir='ltr'>iam</span> <span class='ocrx_word' id='word_1_38' title='bbox 908 817 1095 899; x_wconf 81' lang='lat' dir='ltr'><strong>vulgaribus</strong></span> <span class='ocrx_word' id='word_1_39' title='bbox 1110 817 1219 885; x_wconf 88' lang='lat' dir='ltr'>lormis</span> 
     </span>
     <span class='ocr_line' id='line_1_6' title="bbox 109 908 1217 998; baseline 0.007 -26"><span class='ocrx_word' id='word_1_40' title='bbox 109 908 197 977; x_wconf 90' lang='lat' dir='ltr'>tticis</span> <span class='ocrx_word' id='word_1_41' title='bbox 219 912 324 978; x_wconf 90' lang='lat' dir='ltr'>locum</span> <span class='ocrx_word' id='word_1_42' title='bbox 347 912 514 979; x_wconf 88' lang='lat' dir='ltr'>dederunt.</span> <span class='ocrx_word' id='word_1_43' title='bbox 559 913 598 977; x_wconf 94' lang='lat' dir='ltr'>In</span> <span class='ocrx_word' id='word_1_44' title='bbox 620 913 720 979; x_wconf 91' lang='lat' dir='ltr'>titulis</span> <span class='ocrx_word' id='word_1_45' title='bbox 749 913 866 980; x_wconf 90' lang='lat' dir='ltr'>nostris</span> <span class='ocrx_word' id='word_1_46' title='bbox 887 915 1024 997; x_wconf 93' lang='lat' dir='ltr'>primum</span> <span class='ocrx_word' id='word_1_47' title='bbox 1050 938 1071 978; x_wconf 86' lang='lat' dir='ltr'>u</span> <span class='ocrx_word' id='word_1_48' title='bbox 1094 936 1217 998; x_wconf 91' lang='lat' dir='ltr'>purum,</span> 
     </span>
    </p>
   </div>
   <div class='ocr_carea' id='block_1_3' title="bbox 109 1007 1220 1967">
    <p class='ocr_par' dir='ltr' id='par_1_4' title="bbox 109 1007 1220 1659">
     <span class='ocr_line' id='line_1_7' title="bbox 109 1007 1219 1094; baseline 0.007 -24"><span class='ocrx_word' id='word_1_49' title='bbox 109 1007 180 1088; x_wconf 78' lang='lat' dir='ltr'>prod</span> <span class='ocrx_word' id='word_1_50' title='bbox 202 1010 298 1074; x_wconf 89' lang='lat' dir='ltr'>attico</span> <span class='ocrx_word' id='word_1_51' title='bbox 320 1030 409 1076; x_wconf 89' lang='lat' dir='ltr'>more</span> <span class='ocrx_word' id='word_1_52' title='bbox 429 1011 632 1077; x_wconf 89' lang='lat' dir='ltr'>immutatum</span> <span class='ocrx_word' id='word_1_53' title='bbox 654 1017 807 1094; x_wconf 89' lang='lat' dir='ltr'>servatur,</span> <span class='ocrx_word' id='word_1_54' title='bbox 834 1011 962 1076; x_wconf 90' lang='lat' dir='ltr'>obvium</span> <span class='ocrx_word' id='word_1_55' title='bbox 985 1019 1033 1078; x_wconf 87' lang='lat' dir='ltr'>est</span> <span class='ocrx_word' id='word_1_56' title='bbox 1054 1012 1088 1076; x_wconf 95' lang='lat' dir='ltr'>in</span> <span class='ocrx_word' id='word_1_57' title='bbox 1109 1011 1219 1078; x_wconf 88' lang='lat' dir='ltr'>formis</span> 
     </span>
     <span class='ocr_line' id='line_1_8' title="bbox 109 1105 1219 1194; baseline 0.008 -26"><span class='ocrx_word' id='word_1_58' title='bbox 109 1105 242 1186; x_wconf 71' lang='grc' dir='ltr'><strong><em>πρῙᾶξαι</em></strong></span> <span class='ocrx_word' id='word_1_59' title='bbox 275 1114 307 1173; x_wconf 87' lang='grc'>61</span> <span class='ocrx_word' id='word_1_60' title='bbox 340 1105 483 1190; x_wconf 80' lang='grc' dir='ltr'><em>πράξιος</em></span> <span class='ocrx_word' id='word_1_61' title='bbox 524 1109 723 1175; x_wconf 88' lang='lat' dir='ltr'>decretorum</span> <span class='ocrx_word' id='word_1_62' title='bbox 756 1108 986 1194; x_wconf 79' lang='lat' dir='ltr'><strong>Mylasensium</strong></span> <span class='ocrx_word' id='word_1_63' title='bbox 1016 1111 1097 1192; x_wconf 81' lang='grc'>(18),</span> <span class='ocrx_word' id='word_1_64' title='bbox 1136 1129 1219 1192; x_wconf 91' lang='lat' dir='ltr'>quae</span> 
     </span>
     <span class='ocr_line' id='line_1_9' title="bbox 109 1204 1219 1290; baseline 0.009 -26"><span class='ocrx_word' id='word_1_65' title='bbox 109 1221 201 1268; x_wconf 88' lang='lat' dir='ltr'>amen</span> <span class='ocrx_word' id='word_1_66' title='bbox 223 1204 296 1287; x_wconf 91' lang='lat' dir='ltr'>ipsa</span> <span class='ocrx_word' id='word_1_67' title='bbox 317 1224 434 1270; x_wconf 84' lang='lat' dir='ltr'>novem</span> <span class='ocrx_word' id='word_1_68' title='bbox 448 1205 514 1271; x_wconf 87' lang='lat' dir='ltr'>alia</span> <span class='ocrx_word' id='word_1_69' title='bbox 536 1206 691 1274; x_wconf 85' lang='lat' dir='ltr'>exhibent</span> <span class='ocrx_word' id='word_1_70' title='bbox 705 1206 854 1290; x_wconf 87' lang='lat' dir='ltr'>exempla</span> <span class='ocrx_word' id='word_1_71' title='bbox 875 1230 896 1269; x_wconf 89' lang='grc' dir='ltr'><em>α</em></span> <span class='ocrx_word' id='word_1_72' title='bbox 918 1205 989 1290; x_wconf 90' lang='lat' dir='ltr'>puri</span> <span class='ocrx_word' id='word_1_73' title='bbox 1004 1205 1109 1272; x_wconf 91' lang='lat' dir='ltr'>ionico</span> <span class='ocrx_word' id='word_1_74' title='bbox 1130 1227 1219 1274; x_wconf 87' lang='lat' dir='ltr'>more</span> 
     </span>
     <span class='ocr_line' id='line_1_10' title="bbox 109 1299 1220 1387; baseline 0.008 -25"><span class='ocrx_word' id='word_1_75' title='bbox 109 1319 133 1362; x_wconf 91' lang='lat' dir='ltr'>n</span> <span class='ocrx_word' id='word_1_76' title='bbox 154 1325 170 1385; x_wconf 80' lang='grc' dir='ltr'>η</span> <span class='ocrx_word' id='word_1_77' title='bbox 192 1302 315 1366; x_wconf 90' lang='lat' dir='ltr'>mutati.</span> <span class='ocrx_word' id='word_1_78' title='bbox 360 1299 499 1368; x_wconf 86' lang='lat' dir='ltr'>Omnino</span> <span class='ocrx_word' id='word_1_79' title='bbox 513 1303 600 1368; x_wconf 91' lang='lat' dir='ltr'>tituli</span> <span class='ocrx_word' id='word_1_80' title='bbox 614 1322 734 1385; x_wconf 91' lang='lat' dir='ltr'>omnes,</span> <span class='ocrx_word' id='word_1_81' title='bbox 758 1303 865 1369; x_wconf 89' lang='lat' dir='ltr'>medio</span> <span class='ocrx_word' id='word_1_82' title='bbox 880 1302 1010 1370; x_wconf 86' lang='lat' dir='ltr'>saeculo</span> <span class='ocrx_word' id='word_1_83' title='bbox 1032 1311 1144 1387; x_wconf 85' lang='lat' dir='ltr'>quarto</span> <span class='ocrx_word' id='word_1_84' title='bbox 1165 1324 1220 1371; x_wconf 85' lang='lat' dir='ltr'>ve·</span> 
     </span>
     <span class='ocr_line' id='line_1_11' title="bbox 109 1398 1220 1488; baseline 0.008 -29"><span class='ocrx_word' id='word_1_85' title='bbox 109 1398 250 1475; x_wconf 82' lang='lat' dir='ltr'>ustiones,</span> <span class='ocrx_word' id='word_1_86' title='bbox 284 1399 520 1488; x_wconf 63' lang='grc' dir='ltr'>116661661666Δ</span> <span class='ocrx_word' id='word_1_87' title='bbox 547 1400 675 1466; x_wconf 78' lang='lat' dir='ltr'>dialecti</span> <span class='ocrx_word' id='word_1_88' title='bbox 708 1403 852 1484; x_wconf 88' lang='lat' dir='ltr'>regulam</span> <span class='ocrx_word' id='word_1_89' title='bbox 884 1421 1009 1467; x_wconf 91' lang='lat' dir='ltr'>summa</span> <span class='ocrx_word' id='word_1_90' title='bbox 1039 1402 1220 1469; x_wconf 87' lang='lat' dir='ltr'>constantia</span> 
     </span>
     <span class='ocr_line' id='line_1_12' title="bbox 109 1491 1218 1581; baseline 0.011 -27"><span class='ocrx_word' id='word_1_91' title='bbox 109 1491 281 1561; x_wconf 78' lang='lat' dir='ltr'>›bservant2</span> <span class='ocrx_word' id='word_1_92' title='bbox 311 1497 345 1560; x_wconf 95' lang='grc'>16</span> <span class='ocrx_word' id='word_1_93' title='bbox 367 1497 561 1564; x_wconf 80' lang='lat' dir='ltr'>recentiores</span> <span class='ocrx_word' id='word_1_94' title='bbox 583 1498 686 1581; x_wconf 89' lang='lat' dir='ltr'>magis</span> <span class='ocrx_word' id='word_1_95' title='bbox 708 1499 874 1581; x_wconf 83' lang='lat' dir='ltr'>magisque</span> <span class='ocrx_word' id='word_1_96' title='bbox 902 1498 1023 1565; x_wconf 88' lang='lat' dir='ltr'>lormae</span> <span class='ocrx_word' id='word_1_97' title='bbox 1044 1499 1162 1565; x_wconf 87' lang='lat' dir='ltr'>atticae</span> <span class='ocrx_word' id='word_1_98' title='bbox 1183 1518 1218 1566; x_wconf 90' lang='lat' dir='ltr'>se</span> 
     </span>
     <span class='ocr_line' id='line_1_13' title="bbox 111 1591 264 1659; baseline 0.052 -8"><span class='ocrx_word' id='word_1_99' title='bbox 111 1591 264 1659; x_wconf 90' lang='lat' dir='ltr'>nsinuant.</span> 
     </span>
    </p>

    <p class='ocr_par' dir='ltr' id='par_1_5' title="bbox 109 1690 1220 1967">
     <span class='ocr_line' id='line_1_14' title="bbox 179 1690 1219 1778; baseline 0.004 -22"><span class='ocrx_word' id='word_1_100' title='bbox 179 1691 315 1774; x_wconf 81' lang='lat' dir='ltr'>Singula</span> <span class='ocrx_word' id='word_1_101' title='bbox 335 1697 444 1757; x_wconf 89' lang='lat' dir='ltr'>tamen</span> <span class='ocrx_word' id='word_1_102' title='bbox 465 1692 593 1759; x_wconf 92' lang='lat' dir='ltr'>ionismi</span> <span class='ocrx_word' id='word_1_103' title='bbox 620 1692 709 1758; x_wconf 92' lang='lat' dir='ltr'>illius</span> <span class='ocrx_word' id='word_1_104' title='bbox 731 1692 868 1777; x_wconf 85' lang='lat' dir='ltr'>vestigia</span> <span class='ocrx_word' id='word_1_105' title='bbox 889 1712 931 1759; x_wconf 94' lang='lat' dir='ltr'>ne</span> <span class='ocrx_word' id='word_1_106' title='bbox 952 1693 987 1758; x_wconf 94' lang='lat' dir='ltr'>in</span> <span class='ocrx_word' id='word_1_107' title='bbox 1010 1690 1219 1778; x_wconf 89' lang='lat' dir='ltr'>Olbiopolita·</span> 
     </span>
     <span class='ocr_line' id='line_1_15' title="bbox 109 1788 1220 1876; baseline 0.008 -27"><span class='ocrx_word' id='word_1_108' title='bbox 109 1799 164 1849; x_wconf 66' lang='lat' dir='ltr'>fum</span> <span class='ocrx_word' id='word_1_109' title='bbox 194 1788 322 1872; x_wconf 93' lang='lat' dir='ltr'>quidem</span> <span class='ocrx_word' id='word_1_110' title='bbox 352 1788 453 1854; x_wconf 91' lang='lat' dir='ltr'>titulis</span> <span class='ocrx_word' id='word_1_111' title='bbox 489 1788 623 1870; x_wconf 78' lang='lat' dir='ltr'>desunt,</span> <span class='ocrx_word' id='word_1_112' title='bbox 664 1790 717 1871; x_wconf 88' lang='lat' dir='ltr'>qui</span> <span class='ocrx_word' id='word_1_113' title='bbox 748 1792 801 1856; x_wconf 87' lang='lat' dir='ltr'>vel</span> <span class='ocrx_word' id='word_1_114' title='bbox 835 1790 959 1867; x_wconf 89' lang='lat' dir='ltr'>duobus</span> <span class='ocrx_word' id='word_1_115' title='bbox 981 1792 1119 1858; x_wconf 88' lang='lat' dir='ltr'>saeculis</span> <span class='ocrx_word' id='word_1_116' title='bbox 1147 1800 1220 1876; x_wconf 90' lang='lat' dir='ltr'>post</span> 
     </span>
     <span class='ocr_line' id='line_1_16' title="bbox 109 1882 306 1967; baseline 0.01 -21"><span class='ocrx_word' id='word_1_117' title='bbox 109 1882 202 1967; x_wconf 78' lang='lat' dir='ltr'>tcripti</span> <span class='ocrx_word' id='word_1_118' title='bbox 224 1894 306 1952; x_wconf 92' lang='lat' dir='ltr'>sunt.</span> 
     </span>
    </p>
   </div>
   <div class='ocr_carea' id='block_1_4' title="bbox 109 2167 1218 2338">
    <p class='ocr_par' dir='ltr' id='par_1_6' title="bbox 109 2167 1218 2338">
     <span class='ocr_line' id='line_1_17' title="bbox 109 2167 1218 2337; baseline 0.003 -98"><span class='ocrx_word' id='word_1_119' title='bbox 109 2167 165 2239; x_wconf 80' lang='lat' dir='ltr'>tt.</span> <span class='ocrx_word' id='word_1_120' title='bbox 203 2174 263 2238; x_wconf 86' lang='lat' dir='ltr'>DE</span> <span class='ocrx_word' id='word_1_121' title='bbox 286 2170 435 2239; x_wconf 80' lang='lat' dir='ltr'>IONICO</span> <span class='ocrx_word' id='word_1_122' title='bbox 459 2197 474 2239; x_wconf 88' lang='grc' dir='ltr'><em>ε</em></span> <span class='ocrx_word' id='word_1_123' title='bbox 497 2170 756 2337; x_wconf 50' lang='grc' dir='ltr'><strong>ΡΒΕΤΑΤΤΙέἐΟΟ</strong></span> <span class='ocrx_word' id='word_1_124' title='bbox 778 2198 810 2238; x_wconf 79' lang='grc' dir='ltr'>ει</span> <span class='ocrx_word' id='word_1_125' title='bbox 833 2174 889 2238; x_wconf 85' lang='grc' dir='ltr'>ΕΤ</span> <span class='ocrx_word' id='word_1_126' title='bbox 912 2170 1059 2240; x_wconf 84' lang='lat' dir='ltr'><strong>IONIOO</strong></span> <span class='ocrx_word' id='word_1_127' title='bbox 1083 2199 1114 2238; x_wconf 83' lang='grc' dir='ltr'>ει</span> <span class='ocrx_word' id='word_1_128' title='bbox 1136 2174 1218 2242; x_wconf 88' lang='lat' dir='ltr'>PRO</span> 
     </span>
     <span class='ocr_line' id='line_1_18' title="bbox 732 2294 757 2338; baseline -0.16 0"><span class='ocrx_word' id='word_1_129' title='bbox 732 2294 757 2338; x_wconf 86' lang='grc' dir='ltr'>ε.</span> 
     </span>
    </p>
   </div>
   <div class='ocr_carea' id='block_1_5' title="bbox 109 2454 1225 3901">
    <p class='ocr_par' dir='ltr' id='par_1_7' title="bbox 109 2454 1225 3513">
     <span class='ocr_line' id='line_1_19' title="bbox 180 2454 1225 2541; baseline 0.011 -21"><span class='ocrx_word' id='word_1_130' title='bbox 180 2462 206 2520; x_wconf 90' lang='grc'>1.</span> <span class='ocrx_word' id='word_1_131' title='bbox 251 2454 330 2522; x_wconf 81' lang='lat' dir='ltr'>Cum</span> <span class='ocrx_word' id='word_1_132' title='bbox 367 2455 402 2519; x_wconf 92' lang='lat' dir='ltr'>in</span> <span class='ocrx_word' id='word_1_133' title='bbox 431 2456 657 2522; x_wconf 86' lang='lat' dir='ltr'>vetustioribus</span> <span class='ocrx_word' id='word_1_134' title='bbox 685 2456 787 2522; x_wconf 87' lang='lat' dir='ltr'>titulis</span> <span class='ocrx_word' id='word_1_135' title='bbox 820 2456 936 2522; x_wconf 89' lang='lat' dir='ltr'>nostris</span> <span class='ocrx_word' id='word_1_136' title='bbox 965 2456 1086 2541; x_wconf 86' lang='lat' dir='ltr'>duplex</span> <span class='ocrx_word' id='word_1_137' title='bbox 1115 2464 1225 2530; x_wconf 85' lang='lat' dir='ltr'>exstet.</span> 
     </span>
     <span class='ocr_line' id='line_1_20' title="bbox 109 2552 1219 2644; baseline 0.005 -28"><span class='ocrx_word' id='word_1_138' title='bbox 109 2554 250 2638; x_wconf 84' lang='lat' dir='ltr'>criptura</span> <span class='ocrx_word' id='word_1_139' title='bbox 272 2572 423 2619; x_wconf 91' lang='lat' dir='ltr'>sonorum</span> <span class='ocrx_word' id='word_1_140' title='bbox 438 2572 557 2635; x_wconf 91' lang='lat' dir='ltr'>eorum,</span> <span class='ocrx_word' id='word_1_141' title='bbox 582 2573 661 2636; x_wconf 91' lang='lat' dir='ltr'>quos</span> <span class='ocrx_word' id='word_1_142' title='bbox 683 2574 743 2620; x_wconf 89' lang='lat' dir='ltr'>nos</span> <span class='ocrx_word' id='word_1_143' title='bbox 758 2552 1027 2644; x_wconf 39' lang='lat' dir='ltr'>sincodiscrimine</span> <span class='ocrx_word' id='word_1_144' title='bbox 1042 2555 1219 2621; x_wconf 88' lang='lat' dir='ltr'>coniunctis</span> 
     </span>
     <span class='ocr_line' id='line_1_21' title="bbox 109 2649 1218 2734; baseline 0.003 -20"><span class='ocrx_word' id='word_1_145' title='bbox 109 2649 262 2718; x_wconf 69' lang='lat' dir='ltr'>clementis</span> <span class='ocrx_word' id='word_1_146' title='bbox 281 2675 312 2716; x_wconf 86' lang='grc' dir='ltr'>ει</span> <span class='ocrx_word' id='word_1_147' title='bbox 327 2649 543 2733; x_wconf 87' lang='lat' dir='ltr'>designamus,</span> <span class='ocrx_word' id='word_1_148' title='bbox 567 2671 672 2734; x_wconf 87' lang='lat' dir='ltr'>pauca</span> <span class='ocrx_word' id='word_1_149' title='bbox 692 2651 753 2716; x_wconf 90' lang='lat' dir='ltr'>hac</span> <span class='ocrx_word' id='word_1_150' title='bbox 771 2649 812 2717; x_wconf 90' lang='lat' dir='ltr'>de</span> <span class='ocrx_word' id='word_1_151' title='bbox 826 2671 861 2717; x_wconf 91' lang='lat' dir='ltr'>re</span> <span class='ocrx_word' id='word_1_152' title='bbox 875 2652 1118 2734; x_wconf 87' lang='lat' dir='ltr'>praemonenda</span> <span class='ocrx_word' id='word_1_153' title='bbox 1134 2659 1218 2733; x_wconf 87' lang='lat' dir='ltr'>sunt,</span> 
     </span>
     <span class='ocr_line' id='line_1_22' title="bbox 109 2747 1219 2832; baseline 0.003 -20"><span class='ocrx_word' id='word_1_154' title='bbox 109 2757 265 2832; x_wconf 89' lang='lat' dir='ltr'>ntequam</span> <span class='ocrx_word' id='word_1_155' title='bbox 287 2747 530 2831; x_wconf 88' lang='lat' dir='ltr'>progrediamur</span> <span class='ocrx_word' id='word_1_156' title='bbox 552 2748 672 2815; x_wconf 87' lang='lat' dir='ltr'>adeas</span> <span class='ocrx_word' id='word_1_157' title='bbox 694 2749 864 2815; x_wconf 88' lang='lat' dir='ltr'>verborum</span> <span class='ocrx_word' id='word_1_158' title='bbox 886 2749 1013 2830; x_wconf 83' lang='lat' dir='ltr'>formas,</span> <span class='ocrx_word' id='word_1_159' title='bbox 1042 2750 1076 2814; x_wconf 94' lang='grc'>16</span> <span class='ocrx_word' id='word_1_160' title='bbox 1104 2750 1219 2832; x_wconf 90' lang='lat' dir='ltr'>quibus</span> 
     </span>
     <span class='ocr_line' id='line_1_23' title="bbox 109 2845 1219 2930; baseline 0.005 -24"><span class='ocrx_word' id='word_1_161' title='bbox 109 2847 187 2913; x_wconf 87' lang='lat' dir='ltr'>ttico</span> <span class='ocrx_word' id='word_1_162' title='bbox 217 2870 247 2911; x_wconf 82' lang='grc' dir='ltr'>ει</span> <span class='ocrx_word' id='word_1_163' title='bbox 276 2845 415 2911; x_wconf 91' lang='lat' dir='ltr'>ionicum</span> <span class='ocrx_word' id='word_1_164' title='bbox 439 2868 471 2927; x_wconf 86' lang='grc' dir='ltr'>ε,</span> <span class='ocrx_word' id='word_1_165' title='bbox 501 2852 543 2921; x_wconf 89' lang='grc' dir='ltr'>61Ι</span> <span class='ocrx_word' id='word_1_166' title='bbox 561 2846 658 2911; x_wconf 86' lang='lat' dir='ltr'>attico</span> <span class='ocrx_word' id='word_1_167' title='bbox 688 2869 704 2912; x_wconf 85' lang='lat' dir='ltr'>s</span> <span class='ocrx_word' id='word_1_168' title='bbox 732 2847 872 2912; x_wconf 89' lang='lat' dir='ltr'>ionicum</span> <span class='ocrx_word' id='word_1_169' title='bbox 900 2870 932 2913; x_wconf 81' lang='lat' dir='ltr'>ec</span> <span class='ocrx_word' id='word_1_170' title='bbox 953 2846 1135 2930; x_wconf 88' lang='lat' dir='ltr'>respondet.</span> <span class='ocrx_word' id='word_1_171' title='bbox 1179 2848 1219 2912; x_wconf 95' lang='lat' dir='ltr'>In</span> 
     </span>
     <span class='ocr_line' id='line_1_24' title="bbox 109 2942 1219 3033; baseline -0.002 -22"><span class='ocrx_word' id='word_1_172' title='bbox 109 2944 269 3011; x_wconf 85' lang='lat' dir='ltr'>econtiore</span> <span class='ocrx_word' id='word_1_173' title='bbox 289 2943 387 3026; x_wconf 90' lang='lat' dir='ltr'>igitur</span> <span class='ocrx_word' id='word_1_174' title='bbox 407 2942 594 3025; x_wconf 87' lang='lat' dir='ltr'>alphabeto,</span> <span class='ocrx_word' id='word_1_175' title='bbox 618 2942 703 3025; x_wconf 91' lang='lat' dir='ltr'>quod</span> <span class='ocrx_word' id='word_1_176' title='bbox 725 2963 810 3009; x_wconf 92' lang='lat' dir='ltr'>nunc</span> <span class='ocrx_word' id='word_1_177' title='bbox 829 2944 995 3026; x_wconf 86' lang='lat' dir='ltr'>vulgatum</span> <span class='ocrx_word' id='word_1_178' title='bbox 1017 2949 1076 3033; x_wconf 89' lang='lat' dir='ltr'>est,</span> <span class='ocrx_word' id='word_1_179' title='bbox 1100 2967 1131 3009; x_wconf 86' lang='grc' dir='ltr'>ει</span> <span class='ocrx_word' id='word_1_180' title='bbox 1154 2964 1219 3009; x_wconf 89' lang='grc'>666</span> 
     </span>
     <span class='ocr_line' id='line_1_25' title="bbox 109 3038 1221 3123; baseline -0.002 -15"><span class='ocrx_word' id='word_1_181' title='bbox 109 3042 187 3108; x_wconf 87' lang='lat' dir='ltr'>rodo</span> <span class='ocrx_word' id='word_1_182' title='bbox 217 3060 326 3108; x_wconf 88' lang='lat' dir='ltr'>veram</span> <span class='ocrx_word' id='word_1_183' title='bbox 356 3039 488 3106; x_wconf 89' lang='lat' dir='ltr'>denotat</span> <span class='ocrx_word' id='word_1_184' title='bbox 516 3039 767 3123; x_wconf 85' lang='lat' dir='ltr'>diphthongum,</span> <span class='ocrx_word' id='word_1_185' title='bbox 796 3060 879 3123; x_wconf 88' lang='lat' dir='ltr'>quae</span> <span class='ocrx_word' id='word_1_186' title='bbox 906 3042 997 3106; x_wconf 91' lang='lat' dir='ltr'>utin</span> <span class='ocrx_word' id='word_1_187' title='bbox 1020 3039 1130 3106; x_wconf 88' lang='lat' dir='ltr'>dativo</span> <span class='ocrx_word' id='word_1_188' title='bbox 1154 3038 1221 3122; x_wconf 78' lang='grc' dir='ltr'><em>ἱρεῖ</em></span> 
     </span>
     <span class='ocr_line' id='line_1_26' title="bbox 109 3135 1217 3221; baseline -0.005 -15"><span class='ocrx_word' id='word_1_189' title='bbox 109 3162 129 3206; x_wconf 86' lang='grc'>1</span> <span class='ocrx_word' id='word_1_190' title='bbox 153 3165 170 3206; x_wconf 89' lang='grc' dir='ltr'><em>ε</em></span> <span class='ocrx_word' id='word_1_191' title='bbox 194 3145 227 3204; x_wconf 88' lang='grc'>61</span> <span class='ocrx_word' id='word_1_192' title='bbox 250 3163 277 3220; x_wconf 91' lang='grc' dir='ltr'>ι,</span> <span class='ocrx_word' id='word_1_193' title='bbox 302 3143 372 3214; x_wconf 89' lang='grc'>661,</span> <span class='ocrx_word' id='word_1_194' title='bbox 396 3137 486 3202; x_wconf 95' lang='lat' dir='ltr'>utin</span> <span class='ocrx_word' id='word_1_195' title='bbox 509 3135 625 3217; x_wconf 80' lang='grc' dir='ltr'>εἰδώς,</span> <span class='ocrx_word' id='word_1_196' title='bbox 649 3137 771 3203; x_wconf 84' lang='lat' dir='ltr'>vocalis</span> <span class='ocrx_word' id='word_1_197' title='bbox 794 3161 806 3202; x_wconf 90' lang='grc' dir='ltr'><strong><em>ι</em></strong></span> <span class='ocrx_word' id='word_1_198' title='bbox 827 3135 1036 3221; x_wconf 88' lang='lat' dir='ltr'>productione</span> <span class='ocrx_word' id='word_1_199' title='bbox 1061 3144 1138 3202; x_wconf 91' lang='grc'>6616</span> <span class='ocrx_word' id='word_1_200' title='bbox 1159 3143 1217 3218; x_wconf 90' lang='lat' dir='ltr'>est,</span> 
     </span>
     <span class='ocr_line' id='line_1_27' title="bbox 109 3232 1218 3316; baseline -0.006 -12"><span class='ocrx_word' id='word_1_201' title='bbox 109 3237 147 3305; x_wconf 87' lang='lat' dir='ltr'>ed</span> <span class='ocrx_word' id='word_1_202' title='bbox 173 3237 271 3303; x_wconf 87' lang='lat' dir='ltr'>etiam</span> <span class='ocrx_word' id='word_1_203' title='bbox 294 3253 407 3300; x_wconf 89' lang='lat' dir='ltr'>sonum</span> <span class='ocrx_word' id='word_1_204' title='bbox 430 3232 591 3316; x_wconf 89' lang='lat' dir='ltr'>quendam</span> <span class='ocrx_word' id='word_1_205' title='bbox 613 3233 773 3314; x_wconf 86' lang='lat' dir='ltr'>vocalem,</span> <span class='ocrx_word' id='word_1_206' title='bbox 804 3234 950 3316; x_wconf 88' lang='lat' dir='ltr'>quicum</span> <span class='ocrx_word' id='word_1_207' title='bbox 973 3233 1077 3298; x_wconf 86' lang='lat' dir='ltr'>vocali</span> <span class='ocrx_word' id='word_1_208' title='bbox 1098 3234 1110 3296; x_wconf 95' lang='lat' dir='ltr'>i</span> <span class='ocrx_word' id='word_1_209' title='bbox 1137 3233 1218 3298; x_wconf 90' lang='lat' dir='ltr'>nihil</span> 
     </span>
     <span class='ocr_line' id='line_1_28' title="bbox 110 3327 1219 3413; baseline -0.005 -12"><span class='ocrx_word' id='word_1_210' title='bbox 110 3336 191 3402; x_wconf 89' lang='lat' dir='ltr'>abet</span> <span class='ocrx_word' id='word_1_211' title='bbox 213 3350 397 3413; x_wconf 92' lang='lat' dir='ltr'>commune,</span> <span class='ocrx_word' id='word_1_212' title='bbox 427 3331 516 3397; x_wconf 92' lang='lat' dir='ltr'>cuius</span> <span class='ocrx_word' id='word_1_213' title='bbox 539 3329 722 3412; x_wconf 86' lang='lat' dir='ltr'>exemplum</span> <span class='ocrx_word' id='word_1_214' title='bbox 746 3337 795 3397; x_wconf 92' lang='lat' dir='ltr'>est</span> <span class='ocrx_word' id='word_1_215' title='bbox 817 3355 848 3396; x_wconf 86' lang='grc' dir='ltr'>ει</span> <span class='ocrx_word' id='word_1_216' title='bbox 875 3331 909 3395; x_wconf 92' lang='grc'>16</span> <span class='ocrx_word' id='word_1_217' title='bbox 931 3330 1033 3396; x_wconf 82' lang='lat' dir='ltr'>torma</span> <span class='ocrx_word' id='word_1_218' title='bbox 1056 3327 1127 3410; x_wconf 85' lang='grc' dir='ltr'><strong><em>εἰμί</em></strong></span> <span class='ocrx_word' id='word_1_219' title='bbox 1147 3350 1219 3413; x_wconf 86' lang='lat' dir='ltr'>pro-</span> 
     </span>
     <span class='ocr_line' id='line_1_29' title="bbox 110 3429 698 3513; baseline -0.01 -16"><span class='ocrx_word' id='word_1_220' title='bbox 110 3430 242 3497; x_wconf 90' lang='lat' dir='ltr'>uctione</span> <span class='ocrx_word' id='word_1_221' title='bbox 256 3429 462 3513; x_wconf 81' lang='lat' dir='ltr'>suppletoria</span> <span class='ocrx_word' id='word_1_222' title='bbox 483 3449 524 3495; x_wconf 87' lang='grc'>61</span> <span class='ocrx_word' id='word_1_223' title='bbox 547 3452 562 3509; x_wconf 80' lang='lat' dir='ltr'>s</span> <span class='ocrx_word' id='word_1_224' title='bbox 586 3433 698 3493; x_wconf 90' lang='lat' dir='ltr'>ortum.</span> 
     </span>
    </p>

    <p class='ocr_par' dir='ltr' id='par_1_8' title="bbox 109 3523 1219 3901">
     <span class='ocr_line' id='line_1_30' title="bbox 176 3523 1218 3607; baseline -0.005 -15"><span class='ocrx_word' id='word_1_225' title='bbox 176 3527 216 3592; x_wconf 93' lang='lat' dir='ltr'>In</span> <span class='ocrx_word' id='word_1_226' title='bbox 238 3526 340 3592; x_wconf 92' lang='lat' dir='ltr'>titulis</span> <span class='ocrx_word' id='word_1_227' title='bbox 363 3526 476 3592; x_wconf 90' lang='lat' dir='ltr'>ionicis</span> <span class='ocrx_word' id='word_1_228' title='bbox 499 3525 582 3592; x_wconf 88' lang='grc'>66111</span> <span class='ocrx_word' id='word_1_229' title='bbox 605 3531 637 3589; x_wconf 90' lang='grc'>61</span> <span class='ocrx_word' id='word_1_230' title='bbox 659 3524 760 3607; x_wconf 90' lang='lat' dir='ltr'>quinti</span> <span class='ocrx_word' id='word_1_231' title='bbox 783 3524 903 3590; x_wconf 88' lang='lat' dir='ltr'>saeculi</span> <span class='ocrx_word' id='word_1_232' title='bbox 925 3531 958 3589; x_wconf 91' lang='lat' dir='ltr'>et</span> <span class='ocrx_word' id='word_1_233' title='bbox 978 3524 1013 3588; x_wconf 93' lang='grc'>16</span> <span class='ocrx_word' id='word_1_234' title='bbox 1035 3523 1154 3589; x_wconf 77' lang='lat' dir='ltr'>Thasio</span> <span class='ocrx_word' id='word_1_235' title='bbox 1177 3527 1218 3587; x_wconf 77' lang='lat'>22</span> 
     </span>
     <span class='ocr_line' id='line_1_31' title="bbox 109 3619 1219 3710; baseline -0.005 -18"><span class='ocrx_word' id='word_1_236' title='bbox 109 3626 214 3710; x_wconf 82' lang='lat' dir='ltr'>nplex</span> <span class='ocrx_word' id='word_1_237' title='bbox 241 3645 300 3708; x_wconf 93' lang='lat' dir='ltr'>pro</span> <span class='ocrx_word' id='word_1_238' title='bbox 327 3623 385 3688; x_wconf 94' lang='lat' dir='ltr'>illo</span> <span class='ocrx_word' id='word_1_239' title='bbox 416 3647 447 3688; x_wconf 85' lang='grc' dir='ltr'>ει</span> <span class='ocrx_word' id='word_1_240' title='bbox 477 3623 573 3689; x_wconf 79' lang='lat' dir='ltr'>obvia</span> <span class='ocrx_word' id='word_1_241' title='bbox 601 3629 649 3690; x_wconf 91' lang='lat' dir='ltr'>est</span> <span class='ocrx_word' id='word_1_242' title='bbox 677 3621 849 3704; x_wconf 89' lang='lat' dir='ltr'>scriptura,</span> <span class='ocrx_word' id='word_1_243' title='bbox 884 3622 972 3687; x_wconf 92' lang='lat' dir='ltr'>cuius</span> <span class='ocrx_word' id='word_1_244' title='bbox 1006 3619 1219 3687; x_wconf 89' lang='lat' dir='ltr'>distinctionis</span> 
     </span>
     <span class='ocr_line' id='line_1_32' title="bbox 109 3716 1219 3802; baseline -0.007 -11"><span class='ocrx_word' id='word_1_245' title='bbox 109 3744 189 3791; x_wconf 86' lang='lat' dir='ltr'>unsa</span> <span class='ocrx_word' id='word_1_246' title='bbox 211 3721 299 3795; x_wconf 87' lang='lat' dir='ltr'>haud</span> <span class='ocrx_word' id='word_1_247' title='bbox 323 3719 420 3786; x_wconf 87' lang='lat' dir='ltr'>dubie</span> <span class='ocrx_word' id='word_1_248' title='bbox 441 3719 515 3800; x_wconf 84' lang='lat' dir='ltr'>tuit,</span> <span class='ocrx_word' id='word_1_249' title='bbox 545 3719 630 3802; x_wconf 91' lang='lat' dir='ltr'>quod</span> <span class='ocrx_word' id='word_1_250' title='bbox 652 3739 729 3786; x_wconf 88' lang='lat' dir='ltr'>vera</span> <span class='ocrx_word' id='word_1_251' title='bbox 753 3718 970 3802; x_wconf 90' lang='lat' dir='ltr'>diphthongus</span> <span class='ocrx_word' id='word_1_252' title='bbox 997 3716 1121 3783; x_wconf 83' lang='grc'>616166</span> <span class='ocrx_word' id='word_1_253' title='bbox 1148 3738 1219 3801; x_wconf 89' lang='lat' dir='ltr'>pro-</span> 
     </span>
     <span class='ocr_line' id='line_1_33' title="bbox 111 3814 1219 3901; baseline -0.005 -14"><span class='ocrx_word' id='word_1_254' title='bbox 111 3819 271 3887; x_wconf 88' lang='lat' dir='ltr'>untiando</span> <span class='ocrx_word' id='word_1_255' title='bbox 294 3817 566 3901; x_wconf 84' lang='lat' dir='ltr'>distinguebatur,</span> <span class='ocrx_word' id='word_1_256' title='bbox 596 3819 641 3883; x_wconf 88' lang='lat' dir='ltr'>ita</span> <span class='ocrx_word' id='word_1_257' title='bbox 666 3816 793 3899; x_wconf 90' lang='lat' dir='ltr'>quidem</span> <span class='ocrx_word' id='word_1_258' title='bbox 816 3824 851 3881; x_wconf 94' lang='lat' dir='ltr'>ut</span> <span class='ocrx_word' id='word_1_259' title='bbox 877 3814 935 3880; x_wconf 87' lang='lat' dir='ltr'>illa</span> <span class='ocrx_word' id='word_1_260' title='bbox 957 3814 1083 3880; x_wconf 88' lang='lat' dir='ltr'>duabus</span> <span class='ocrx_word' id='word_1_261' title='bbox 1104 3814 1219 3882; x_wconf 88' lang='lat' dir='ltr'>litteris</span> 
     </span>
    </p>
   </div>
   <div class='ocr_carea' id='block_1_6' title="bbox 109 3912 1014 4064">
    <p class='ocr_par' dir='ltr' id='par_1_9' title="bbox 109 3912 1014 4064">
     <span class='ocr_line' id='line_1_34' title="bbox 109 3912 789 4001; baseline -0.009 -18"><span class='ocrx_word' id='word_1_262' title='bbox 109 3922 147 4001; x_wconf 82' lang='lat' dir='ltr'>ll,</span> <span class='ocrx_word' id='word_1_263' title='bbox 172 3917 254 3983; x_wconf 90' lang='lat' dir='ltr'>haec</span> <span class='ocrx_word' id='word_1_264' title='bbox 275 3935 341 3982; x_wconf 87' lang='lat' dir='ltr'>una</span> <span class='ocrx_word' id='word_1_265' title='bbox 361 3922 487 3981; x_wconf 90' lang='lat' dir='ltr'>tantum</span> <span class='ocrx_word' id='word_1_266' title='bbox 509 3917 539 3978; x_wconf 82' lang='grc' dir='ltr'><em>Ε</em></span> <span class='ocrx_word' id='word_1_267' title='bbox 559 3912 789 3997; x_wconf 87' lang='lat' dir='ltr'>designaretur.</span> 
     </span>
     <span class='ocr_line' id='line_1_35' title="bbox 142 4013 1014 4064; baseline -0.008 -6"><span class='ocrx_word' id='word_1_268' title='bbox 142 4016 279 4063; x_wconf 83' lang='lat' dir='ltr'>Curtius,</span> <span class='ocrx_word' id='word_1_269' title='bbox 295 4015 394 4058; x_wconf 72' lang='lat' dir='ltr'>Studien.</span> <span class='ocrx_word' id='word_1_270' title='bbox 416 4015 443 4055; x_wconf 87' lang='lat' dir='ltr'>V.</span> <span class='ocrx_word' id='word_1_271' title='bbox 982 4013 1014 4064; x_wconf 78' lang='lat'>19</span> 
     </span>
    </p>
   </div>
   <div class='ocr_carea' id='block_1_7' title="bbox 0 0 1420 4776">
    <p class='ocr_par' dir='ltr' id='par_1_10' title="bbox 0 0 1420 4776">
     <span class='ocr_line' id='line_1_36' title="bbox 0 0 1420 4776; baseline 0 0"><span class='ocrx_word' id='word_1_272' title='bbox 0 0 1420 4776; x_wconf 95' lang='lat' dir='ltr'> </span> 
     </span>
    </p>
   </div>
  </div>
 </body>
</html>
