2828 4776
476 342 509 396 de
525 342 667 397 metathesi
683 358 788 411 graeca.
1126 336 1188 400 207

62 516 236 580 multorum
259 513 317 580 sed
339 513 479 579 maxime
502 515 699 595 usitatorum,
722 514 756 579 in
778 515 893 597 quibus
915 513 1124 581 secundariae
1139 533 1188 580 ra·

62 613 172 678 dicum
200 611 322 676 formae
350 609 596 678 adhibebantur.
641 613 724 678 Nam
752 612 815 678 nisi
836 613 917 679 haec
939 613 1109 693 valuisset,
1132 611 1188 676 uix

63 731 104 777 ex
128 715 333 791 *sup-saog
357 707 498 794 κμη-τός
517 717 623 775 ortum
646 718 748 794 esset3
770 710 847 775 hinc
869 711 1009 793 denique
1031 710 1065 774 id
1087 709 1188 792 expli-

63 815 166 890 catur,
190 807 279 890 quod
300 805 361 870 hoo
383 806 416 870 in
438 826 557 889 genere
579 808 676 873 etiam
697 808 803 873 vocali
825 813 979 889 sequente
1000 805 1187 887 metathesis

61 907 286 985 admississet,
309 904 399 968 utin
421 905 503 970 aecl.
527 909 699 983 θναίσκω,
722 910 911 987 prepostero
935 924 953 969 c
975 910 1185 982 *θαν-ισκω,

61 1010 295 1086 *μιμαν-ισκω
319 1000 369 1075 (cf.
380 1002 573 1085 ¹scripturam
586 1002 739 1089 θνῄσκω,
755 1000 932 1088 paparionem
956 1006 988 1066 ct
1009 1001 1186 1069 1111111.

60 1124 93 1185 p.
120 1101 237 1179 96111.

150 1198 195 1263 Ut
222 1198 256 1261 in
288 1196 338 1261 his
366 1195 570 1273 metathesis,
607 1199 652 1264 ita
680 1197 713 1263 iu
741 1197 815 1264 aliis
843 1197 997 1277 fortasse,
1025 1203 1060 1259 ut
1088 1216 1186 1279 supra

60 1296 128 1360 iam
157 1294 275 1376 monui,
306 1312 449 1377 syncope
471 1295 679 1362 concedenda
702 1301 759 1362 est.
803 1293 1022 1360 Similitudine
1043 1295 1186 1377 complu-

59 1394 145 1459 rium
180 1392 352 1457 formarum
385 1391 540 1474 paulatim
569 1399 657 1458 certa
685 1391 844 1476 quaedam
872 1411 985 1456 norma
1013 1397 1046 1457 et
1075 1391 1188 1473 regula

60 1490 196 1567 exstitit,
218 1487 261 1555 ad
284 1509 378 1572 quam
401 1489 526 1555 radices
548 1508 699 1570 consona,
723 1488 838 1569 vocali,
861 1488 985 1570 liquida
1006 1489 1059 1552 vei
1081 1487 1187 1553 nasali

60 1594 249 1654 constantes
270 1586 316 1651 ita
337 1587 545 1652 transmutari
566 1594 730 1671 poterant,
754 1594 788 1651 ut
809 1585 1019 1652 secundariae
1040 1585 1117 1651 illae
1139 1606 1187 1651 ra·

62 1687 155 1752 dices
176 1690 397 1759 nascerentur3
419 1719 461 1730 -
485 1704 548 1767 qua
569 1684 624 1749 via
646 1686 699 1749 vel
721 1685 828 1768 potius
851 1690 922 1749 utra
943 1683 999 1748 via
1018 1684 1129 1766 lingua
1143 1683 1187 1750 ad

60 1804 121 1850 eas
143 1783 335 1867 pervenerit,
357 1782 392 1847 id
413 1802 478 1848 non
500 1801 627 1866 semper
649 1782 818 1847 enucleare
839 1801 1017 1864 possumus.

151 1881 209 1947 Vis
236 1887 343 1945 autem
373 1879 544 1962 analogiae
566 1879 661 1944 etiam
684 1880 717 1943 in
739 1897 777 1944 ec
800 1879 1009 1960 cognoscitur,
1033 1877 1117 1961 quod
1139 1898 1187 1943 ra-

60 1979 154 2045 dices
182 2002 247 2043 πετ
273 1976 371 2059 (aar,
404 1981 483 2054 ποτ)
513 1983 545 2041 11
567 1999 626 2056 σεχ
652 1974 695 2040 ad
717 1974 854 2041 eandem
877 1978 1023 2058 regulam
1046 1982 1187 2042 mutatae

59 2082 149 2142 sunt.
193 2075 243 2139 Ab
265 2074 323 2140 illa
346 2072 582 2140 descenderunt
602 2075 724 2138 formae

148 2171 361 2253 πετ-άννυμι,
385 2176 539 2249 rasa-vdua,
562 2176 726 2252 nse-opas
748 2206 789 2215 -
812 2169 960 2257 ἕ-πτη-ν,
983 2168 1185 2255 ned-copae,

57 2267 262 2355 ἑπτά-μην,
285 2276 494 2347 ars-muas,
516 2274 657 2350 πτῶ-μα
680 2273 738 2333 cet.
761 2267 800 2333 cf.
824 2267 909 2334 Curt.
932 2291 964 2352 p.
990 2271 1058 2332 199.

148 2367 178 2431 A
198 2367 268 2432 rad.
292 2390 364 2448 σεχτ
384 2364 448 2447 ἐ’χω
471 2370 540 2450 (pro
563 2370 716 2446 *σεχ-ω),
740 2362 803 2446 ἔξω
826 2363 1187 2449 (1111*σεχ-111-ἕ-

58 2487 199 2551 oxo-nc,
223 2463 351 2549 σχή-σω
375 2470 434 2530 cet.
458 2463 497 2528 ci.
520 2462 606 2529 Curt.
630 2484 660 2545 p.
687 2465 757 2527 182.

148 2561 228 2628 Cum
249 2563 283 2627 in
305 2567 465 2640 πί-πτ-ω,
489 2558 702 2645 autopat,
726 2557 857 2640 ἐ’-σχ-ον
880 2560 923 2625 al.
946 2579 1087 2644 syncope
1102 2559 1187 2625 facta

57 2660 111 2742 sit,
138 2660 213 2726 hino
234 2659 360 2724 videtur
382 2659 494 2740 lingua
516 2658 558 2723 ad
581 2656 788 2726 secundarias
810 2656 956 2722 radicum
976 2658 1095 2723 formas
1117 2675 1186 2741 pcr-

55 2757 200 2825 venisse.
245 2756 310 2823 Sed
332 2755 510 2822 accuratius
533 2756 574 2821 de
595 2755 646 2820 his
670 2754 776 2821 dicere
798 2754 1002 2838 supersedeo.

521 2956 725 2965 ————

54 3105 100 3168 B.
132 3103 186 3168 Dc
216 3105 403 3190 liquidarum
432 3115 465 3167 et
492 3107 643 3167 curulium
672 3123 739 3166 cum
761 3104 917 3167 curulibus
940 3106 1184 3176 commoratione,

342 3223 420 3287 quoe
433 3201 481 3286 fit
500 3203 531 3264 ia
554 3201 772 3263 rrocubulorum
796 3202 902 3265 initiis.

577 3388 596 3464 ἕ
622 3391 670 3449 11.

145 3537 215 3601 Iam
245 3554 317 3600 cum
346 3534 486 3618 liquidas
516 3541 547 3600 11
574 3535 704 3599 nasales
731 3532 764 3596 in
786 3534 902 3599 mediis
925 3532 1090 3598 vocabulis
1112 3551 1185 3598 sae-

53 3632 192 3719 pissime
221 3651 291 3696 111111
321 3631 488 3696 vocalibus
518 3637 727 3696 commutatas
761 3649 833 3696 esse
862 3630 1036 3696 viderimus
1064 3637 1095 3695 ct
1117 3630 1185 3696 eius

52 3729 335 3797 transmutationis
363 3733 520 3794 rationem
546 3729 706 3811 cognitam
729 3734 760 3792 et
783 3727 975 3812 descriptam
997 3727 1183 3809 habeamus,

53 3827 251 3893 accedamus
279 3824 323 3890 ad
352 3824 570 3908 quaestionem
597 3822 817 3889 difficillimam
840 3825 881 3891 de
904 3823 1078 3891 earundem
1100 3824 1184 3891 litte·

50 3945 165 3992 rarum
195 3923 229 3987 in
258 3923 486 3989 vocabulorum
515 3922 613 3988 initiis
641 3922 896 3988 commutatione.
940 3920 1065 4002 Quain
1088 3940 1183 3989 1111
