2828 4776
243 361 307 427 ‘210
723 363 893 434 Sicgismnnd

243 540 295 606 his
316 537 480 604 vocabulis
503 538 659 621 originem
680 536 826 602 redeunt.
870 536 1001 603 Fiokins
1023 536 1153 618 quidem
1176 555 1207 617 p.
1227 537 1297 612 166,
1316 536 1362 599 ubi

244 637 340 703 nimis
370 637 499 702 diversa
520 634 698 718 composita
719 642 808 716 sunt,
843 653 910 699 rem
932 635 978 699 ita
999 635 1062 699 sihi
1083 632 1217 698 finxisse
1239 631 1363 709 videtur,

244 743 280 801 ut
304 735 370 800 iam
397 740 474 799 ante
495 733 800 815 Indogermanorum
822 733 1051 798 discessionem
1071 737 1232 813 cognatae
1253 729 1365 796 radices

245 833 323 896 roth
348 831 479 898 616666
503 829 716 911 exstitissent3
740 829 826 912 quod
848 830 875 895 si
896 837 1017 895 rectum
1040 837 1142 909 esset,
1177 836 1365 912 exspectare·

245 952 316 996 mus
347 930 403 994 lat.
427 929 518 992 luber
540 935 598 993 cet.
633 926 865 1009 significatione
894 928 1026 1011 propius
1053 927 1096 991 ad
1125 946 1173 1009 gr.
1196 923 1364 1012 66696966,

247 1048 306 1093 sor.
330 1026 465 1090 dublo-ott
488 1032 546 1090 cet.
569 1024 734 1090 accedere.

331 1125 369 1189 In
391 1125 442 1190 his
464 1130 575 1190 contra
598 1121 756 1204 exemplis
777 1121 912 1187 fortasse
934 1120 1056 1186 nasalis
1085 1119 1280 1203 anticipatio
1304 1139 1365 1184 con·

246 1221 391 1289 cedenda
414 1228 462 1287 est
477 1220 610 1286 Graecis
632 1240 703 1284 cum
725 1219 871 1302 proxime
886 1219 1031 1301 cognatis
1045 1219 1175 1302 populis
1190 1219 1364 1284 communis.

238 1317 353 1400 Ὄνυξ,
385 1319 441 1383 161.
465 1319 590 1400 66966,
622 1316 747 1381 hibern.
776 1318 868 1397 66696
897 1315 1092 1382 conferenda
1120 1323 1195 1381 sunt
1224 1335 1295 1380 oum
1316 1335 1364 1381 scr.

246 1417 377 1491 666666,
400 1416 512 1481 lituan.
535 1436 648 1496 66966,
672 1416 752 1480 slov.
775 1416 899 1497 66966,
923 1414 1032 1479 theod.
1053 1415 1149 1496 66966
1171 1418 1214 1490 (v.
1239 1412 1320 1478 Ourt.
1340 1433 1364 1494 p.

247 1518 337 1596 299),
376 1510 547 1598 ὀμφαλός,
584 1512 641 1577 161.
675 1511 835 1574 umbilicus
854 1531 938 1576 oum
966 1531 1025 1577 scr.
1054 1511 1231 1593 atthila-s,
1268 1509 1365 1576 theod.

247 1612 361 1674 nabulo
391 1617 451 1676 cet.
485 1608 582 1688 (Curt.
613 1630 644 1692 p.
669 1613 752 1686 276).
797 1609 920 1687 Quibus
953 1610 1085 1675 vocibus
1116 1609 1238 1675 formas
1268 1609 1365 1689 indog.

247 1708 465 1789 *ambleio-c,
504 1704 645 1788 *oripo-s
678 1707 837 1772 subiectas
873 1726 959 1786 esse,
993 1727 1055 1789 quo
1088 1706 1130 1771 de
1158 1707 1283 1773 Walter
1309 1705 1366 1770 KZ.

248 1808 309 1883 XI,
333 1810 395 1871 436
418 1804 586 1885 cogitavit,
610 1823 648 1868 eo
670 1805 739 1869 veri
763 1804 919 1870 dissimile
941 1802 984 1885 fir,
1012 1803 1098 1886 quod
1119 1804 1154 1868 in
1174 1803 1271 1868 initio
1290 1803 1368 1867 uocis

249 1905 295 1977 (in
318 1922 377 1970 scr.
401 1902 549 1972 66666666,
572 1901 692 1963 nactos
714 1908 787 1979 cet.)
809 1905 863 1966 vix
885 1921 943 1984 pro
966 1923 986 1962 6
1009 1901 1190 1966 adulterino
1215 1909 1248 1968 et
1269 1921 1325 1984 pro
1344 1920 1366 1961 6

249 2001 390 2068 dentalis
426 1999 548 2064 nasalis
585 2000 733 2065 substitui
772 2000 885 2083 potuit.
950 1997 1191 2065 Proficiscemur
1227 1998 1322 2081 igitur
1352 2017 1368 2060 6

249 2099 389 2181 *66966
421 2096 577 2159 *subdolo
600 2096 723 2177 formis,
754 2116 837 2178 quae
858 2096 946 2180 apud
968 2097 1219 2162 Graecoitalicos
1241 2093 1366 2175 *66966

250 2196 408 2259 *6666666
441 2194 547 2260 166166
579 2195 658 2274 sint,
697 2200 732 2257 ut
762 2193 827 2256 iam
859 2191 987 2259 Curtius
1008 2194 1029 2258 l.
1053 2195 1075 2257 l.
1105 2194 1288 2277 suspicatus
1320 2197 1367 2256 est

250 2295 334 2359 Nam
356 2293 418 2357 hoc
439 2291 565 2357 facilius
587 2290 655 2357 fieri
677 2291 794 2374 potuit,
819 2297 852 2354 ut
874 2292 1014 2372 nasalis,
1049 2311 1120 2356 cum
1142 2291 1249 2356 vocali
1270 2289 1368 2355 antici·

249 2399 329 2475 pata
359 2395 620 2474 postponeretur,
654 2394 768 2471 postea
800 2386 839 2448 66
868 2396 900 2454 et
928 2388 1107 2470 96616666
1136 2389 1368 2454 assimilaretur.

249 2489 330 2553 Cum
362 2494 471 2553 tamen
504 2487 688 2570 proxime
720 2483 827 2567 *6696
860 2487 913 2551 vel
946 2485 1052 2568 *6696
1085 2486 1174 2550 haud
1213 2486 1312 2551 dubie
1341 2483 1368 2547 in

251 2584 357 2667 *6696
386 2590 469 2661 (cum
491 2604 511 2644 6
535 2582 669 2657 dentali)
697 2584 863 2663 transiret,
887 2584 1003 2649 Graeci
1034 2582 1069 2646 in
1103 2580 1183 2664 ὄνυξ
1216 2583 1368 2650 dentalcm

250 2682 397 2747 nasalem
419 2702 437 2742 o
459 2681 564 2745 vocali
587 2680 736 2763 (primum
749 2680 924 2746 irrationali
941 2701 1036 2762 quarn
1052 2681 1173 2759 dicunt)
1188 2680 1369 2764 interposita

251 2785 431 2844 servarunt.
475 2780 597 2846 Tamen
624 2798 682 2861 pro
711 2785 797 2842 certo
826 2797 867 2843 ne
894 2778 928 2842 in
959 2779 1010 2843 his
1042 2779 1172 2860 quidem
1205 2778 1368 2861 quidquam

251 2875 410 2942 affirmare
435 2876 555 2947 ausim,
589 2895 661 2939 cum
684 2874 879 2958 singularum
902 2876 1084 2958 linguarum
1106 2876 1244 2941 historia
1264 2873 1369 2941 similia

239 2973 402 3056 exempla
424 2994 489 3039 non
511 2973 717 3056 praebeat⁸⁹).

339 3068 405 3136 Sed
426 3070 629 3154 apudipsos
652 3069 791 3135 Graecos
819 3070 966 3134 vocalem
994 3070 1135 3152 liquidae
1162 3069 1368 3154 praepositam

254 3186 325 3234 esse
360 3187 425 3232 non
461 3169 530 3233 veri
573 3167 729 3233 dissimile
768 3166 895 3232 videtur
930 3168 964 3231 in
1000 3166 1068 3231 rad.
1106 3161 1178 3250 696
1216 3160 1367 3251 (sipiritu,

242 3261 423 3347 Ἆρπυῖαι).
473 3265 573 3329 Recte
610 3264 695 3328 enim
726 3263 853 3329 Curtius
880 3285 912 3346 p.
942 3267 1003 3328 248
1036 3270 1166 3347 pr'aetcr
1195 3266 1254 3329 lat.
1289 3263 1368 3347 rapio

252 3362 345 3429 zend.
373 3383 450 3446 rap,
479 3368 543 3444 got.
573 3360 754 3424 bi-roub-ta
783 3361 834 3444 (cf.
857 3362 1082 3428 Diefcnbachii
1108 3361 1190 3444 ‘ng
1220 3362 1315 3428 Wtb!
1334 3359 1367 3438 11,

257 3462 330 3536 164)
374 3459 508 3524 contulit
550 3457 670 3542 duplici
713 3459 831 3524 radicis
866 3459 969 3524 forma
1004 3481 1061 3540 rap
1093 3496 1135 3506 -
1168 3479 1231 3544 rap
1267 3456 1368 3542 posita

263 3579 563 3600 -,——.—

216 3655 219 3660 ’
325 3641 356 3701 ⁸⁹)
373 3640 412 3696 Ut
429 3641 457 3694 in
476 3645 491 3707 ξ
509 3647 540 3696 10
558 3641 672 3696 vidimus
690 3644 822 3697 nasalium
839 3643 1008 3698 metathesim
1025 3635 1171 3714 praecipue
1189 3637 1369 3710 antiquissimis

253 3721 419 3790 temporibus
438 3722 582 3777 admissam
599 3738 666 3787 6666,
686 3740 746 3777 cnm
764 3732 859 3792 postea
876 3725 919 3777 vix
936 3740 1062 3793 umquam
1080 3723 1166 3790 fieret,
1184 3723 1224 3777 ita
1240 3722 1311 3776 idem
1323 3719 1368 3772 ior·

253 3804 328 3856 tasse
344 3802 373 3856 in
390 3801 510 3855 radicum
528 3802 611 3855 initiis
629 3802 803 3856 statuendum
820 3810 869 3858 est.
905 3804 949 3857 Sic
967 3820 1033 3858 sane
1051 3819 1102 3858 scr.
1117 3802 1231 3868 666666,
1248 3802 1368 3871 graccos

255 3885 307 3934 cet.
324 3897 379 3935 non
396 3882 510 3935 multum
527 3883 631 3936 666666
645 3882 770 3937 videntur
793 3884 828 3937 ab
852 3884 965 3939 6666666
992 3901 1093 3953 aqua,
1119 3900 1158 3953 gr.
1179 3881 1303 3953 6996666.
1334 3877 1367 3933 Of·

204 4036 206 4041 γ
255 3959 290 4015 de
306 3962 349 4016 his
367 3968 394 4016 et
411 3962 469 4017 sim.
488 3962 613 4017 Fiokium
629 3979 657 4031 p.
676 3967 735 4018 961.
855 3983 856 3986 ’
