2828 4776
439 343 481 398 De
498 342 595 399 sensti
610 342 689 398 latini
706 342 833 413 reliqniis.
1140 341 1203 403 437

111 540 153 582 το
170 512 207 582 ἐν
223 514 333 602 ἑαυτῷ
350 514 401 600 (er
414 514 486 579 lcum
503 535 544 577 au
558 514 623 579 siclt
638 512 758 599 selbot),
781 512 916 598 ἐγένετο
932 511 1002 580 ἀπὸ
1026 515 1203 604 δεῖπνον’)

111 614 178 701 pud
200 615 364 680 Romanos
375 613 444 696 sui,
456 612 603 695 futurus,
616 612 699 695 fore
721 611 804 679 adeo
828 633 955 679 omnem
978 616 1134 682 nascendi
1152 618 1204 683 vel

111 710 238 797 gnendi
258 709 421 777 notionem
434 711 646 794 abjecerunt,
670 715 705 776 ut
726 730 746 776 a
767 730 850 791 sum,
874 731 939 794 ero,
965 733 1031 775 erse
1053 715 1205 798 temporis

112 817 206 877 ntum
228 810 352 875 ratione
375 807 503 876 differre
520 809 699 875 videantur.
743 806 897 891 Ejusdem
913 811 1100 894 propaginis
1115 833 1206 897 prae·

111 928 154 974 ns
191 905 275 990 qnod
303 914 353 973 est
383 904 443 988 fao
479 905 644 973 vetustiori
676 906 863 972 Latinorum
897 908 1036 972 sennoni
1072 909 1205 976 concedi

112 1006 177 1088 let3
209 1004 268 1071 sel
289 1004 371 1071 nihil
392 1004 554 1071 invenitur
570 1011 698 1088 praeter
719 1004 959 1089 eonjunotivum
972 1003 1086 1087 sunm,
1110 1026 1204 1089 quem

111 1102 207 1170 onius
229 1101 400 1169 Marcellus
427 1123 459 1186 p.
485 1107 555 1183 111,
580 1106 598 1165 5
627 1103 694 1174 ,rim
723 1103 774 1164 nel
790 1102 883 1186 fium’
911 1101 1090 1184 significare
1119 1103 1205 1170 dioit.

111 1199 187 1284 ujus
209 1199 404 1284 eonjunotiri
426 1206 492 1266 tres
513 1219 673 1283 personae
695 1200 868 1283 singularis
897 1207 928 1264 et
956 1200 1049 1266 tertia
1071 1200 1205 1283 pluralis

111 1297 201 1365 assim
224 1298 374 1381 leguntur
395 1296 483 1381 apud
505 1305 630 1364 veteres
652 1298 791 1380 tragicos
809 1305 841 1364 et
856 1298 1003 1379 oomioos,
1026 1297 1120 1364 tertia
1142 1299 1205 1364 sin·

111 1394 201 1462 uleris
222 1401 394 1479 praeterea
414 1414 480 1459 non
502 1400 627 1460 tantum
649 1395 824 1476 Lueretius,
854 1394 913 1461 sed
935 1394 1031 1460 etiam
1054 1394 1206 1478 Virgilius

111 1513 163 1561 en.
186 1493 218 1559 X
243 1496 301 1558 103
325 1492 425 1558 semel
447 1511 524 1558 usus
547 1500 604 1559 est.
649 1493 715 1559 Eas
737 1492 832 1575 igitur
855 1491 973 1558 formas
1002 1512 1073 1557 eum
1095 1493 1205 1560 aoristi

111 1610 275 1658 raeoorum
297 1588 406 1656 formis
428 1596 607 1672 quaesunt
629 1588 715 1677 φύω,
745 1588 844 1677 pope,
869 1588 955 1677 φύῃ,
979 1587 1109 1676 pianr,
1133 1612 1206 1657 oon-

111 1706 162 1755 rre
188 1707 368 1774 possumus.
422 1687 528 1768 Atque
559 1687 639 1752 louis
670 1687 703 1752 in
732 1689 846 1770 quibus
874 1689 1024 1771 leguntur
1057 1696 1205 1756 aeourate

111 1787 234 1871 ,spontis
254 1785 334 1850 mihi
357 1784 486 1866 quidem
508 1785 577 1850 veri
598 1784 703 1850 simile
726 1792 783 1868 est,
797 1785 895 1868 suurn
918 1794 950 1852 et
964 1788 1022 1848 sim
1044 1787 1112 1853 sive
1129 1789 1204 1850 siem

111 1903 150 1949 nn
169 1903 299 1968 prorsus
319 1882 407 1948 idem
428 1882 637 1966 signifioasse,
659 1882 757 1948 immo
779 1884 813 1947 in
828 1884 934 1967 priore
951 1884 1074 1966 aliquid
1089 1886 1205 1969 inesse,

111 1987 210 2066 ropter
231 1980 318 2065 quod
339 1980 442 2064 magis
464 1999 536 2045 eum
557 1998 673 2062 graeoo
695 1986 845 2064 peropus
860 1981 912 2047 vel
928 1985 1086 2067 γενοίμην
1110 2002 1206 2065 quam

111 2099 152 2145 un
174 2066 201 2143 ὦ
223 2079 277 2145 vel
301 2075 372 2164 εἵην
396 2084 614 2162 oomparetur,
643 2085 678 2143 ut
699 2098 759 2144 neo
780 2078 905 2143 Nonius
928 2097 998 2142 eum
1011 2078 1108 2161 fnum
1138 2081 1205 2156 ‚om

111 2177 131 2243 tl
144 2175 238 2262 finm’
261 2175 445 2259 explicaret,
468 2175 683 2256 nassovius,
707 2194 778 2240 oum
796 2174 864 2239 luat
879 2173 965 2240 idern
988 2175 1074 2257 quod
1094 2176 1205 2258 ,fuerit'

111 2272 259 2359 gnifioare
282 2273 411 2355 uiueret,
441 2273 577 2337 multum
599 2293 620 2337 a
641 2291 717 2338 vero
739 2273 968 2338 aberraverint.
1014 2273 1097 2338 Nam
1120 2275 1206 2357 quod

131 2371 241 2438 Plauti
262 2371 365 2439 Milite
386 2390 417 2434 v.
440 2373 502 2434 299
524 2370 661 2453 legimus

436 2493 521 2572 Quid
532 2493 616 2576 faut
635 2511 696 2573 me,
719 2493 827 2559 neseio

111 2657 143 2701 nr
166 2640 273 2717 potest
293 2633 388 2699 aliter
412 2634 445 2698 in
474 2653 623 2717 graecam
651 2633 795 2715 linguam
822 2633 965 2701 converti
992 2634 1054 2700 nisi
1083 2634 1144 2717 sie,
1174 2637 1208 2700 τί

111 2737 228 2812 ἓνωμαι
249 2732 303 2798 vel
325 2735 359 2795 al
380 2729 576 2818 γενήσομαι,
596 2725 656 2796 οὐκ
680 2725 767 2810 οἶδα,
792 2739 823 2798 et
843 2733 910 2799 fere
932 2732 1016 2798 idem
1040 2740 1088 2799 est
1109 2738 1208 2815 atque

111 2827 171 2892 uod
190 2829 284 2913 vulgo
307 2829 423 2894 dieitur
445 2829 522 2913 quid
541 2849 589 2890 me
601 2826 686 2911 fiet?
729 2830 852 2896 Eodem
881 2829 976 2896 modo
998 2830 1126 2896 Trueul.
1150 2830 1206 2912 IV,

111 2972 114 2996 ‚
142 2928 179 2987 11
203 2928 287 3006 ‚meis
310 2926 387 3009 quid
408 2925 542 2991 fortunis
554 2923 653 3006 funt?
690 2926 729 2990 In
751 2926 948 2993 Baeohidum
970 2947 999 2992 r.
1026 2932 1085 2993 155
1108 2927 1208 2994 Pisto·

114 3021 160 3088 eri
182 3022 294 3104 verbis,
317 3042 400 3105 quae
423 3028 496 3088 sunt

208 3133 308 3217 Fiam,
332 3141 367 3198 nt
389 3152 448 3215 ego
471 3132 593 3215 opinor,
615 3131 780 3212 Hercules,
803 3138 837 3196 tu
859 3139 965 3197 autem
986 3132 1086 3197 Linus

111 3230 191 3316 ydus
211 3230 386 3316 respondet

207 3341 266 3406 Pol
288 3349 394 3407 metuo
417 3341 529 3423 magis,
552 3358 594 3404 ne
615 3337 763 3403 Phoenix
784 3338 847 3404 tuis
869 3337 961 3405 laetis
1000 3358 1080 3402 nom.

111 3437 313 3503 rTrinnmmi
336 3457 431 3503 versu
454 3442 514 3503 267
539 3438 648 3518 ,Amor
662 3435 783 3502 amious
805 3435 883 3500 mihi
905 3456 947 3502 ne
958 3435 1041 3519 suns
1058 3438 1207 3519 unquam'

148 3687 169 3747 ⁴)
205 3683 266 3738 Nur
282 3684 349 3739 wird
365 3687 521 3755 zuzugeben
539 3685 610 3753 sein,
633 3683 713 3750 dass,
740 3683 790 3738 wie
808 3681 962 3753 ἐμπεφυυῖα
981 3687 1013 3743 (Α
1033 3688 1101 3750 513),
1127 3701 1207 3751 προς-

111 3766 160 3816 ῡσα
186 3767 221 3821 (Ω
247 3769 306 3830 212)
330 3765 436 3835 zeigen,
466 3770 554 3837 φῦναι
577 3763 606 3819 ἰν
625 3766 701 3836 χειρί
726 3763 786 3819 eine
812 3763 912 3818 testere
938 3763 993 3819 und
1020 3763 1208 3832 energisehere

111 3842 446 3981 ῗὲἑνέιὲᾱὲἓξῃὶῒνὲιθίοὴυοι,
465 3848 505 3907 als
523 3847 566 3903 die
582 3847 632 3914 ist,
653 3845 753 3903 welche
772 3843 858 3899 durch
875 3846 1006 3912 γενέσθαι
1023 3842 1208 3914 ausgedrhckt
