2828 4776
237 373 301 435 436
358 345 362 355 ’
747 373 856 427 Curtius

494 564 535 611 ne
556 546 622 610 vim
645 545 699 627 qui
720 546 862 620 attolere
887 564 970 611 neve
991 549 1109 630 attigat
1153 561 1156 565 ’

240 652 272 710 et
293 642 380 728 apud
402 644 570 721 Novium³l
592 663 623 709 v.
647 645 686 707 87

537 740 643 808 dotem
666 740 710 806 ad
731 761 789 806 vos
811 741 935 806 nullam
957 742 1074 803 nttnlot

242 848 274 907 et
295 840 381 924 quod
403 837 576 904 Diomedes
598 839 825 921 grammaticus
846 859 877 922 p.
902 842 963 904 380
984 839 1059 904 Keil
1082 857 1122 904 ex
1138 839 1255 907 Plauto
1277 845 1349 911 affert

242 939 357 1023 ,aullas
379 932 524 1000 oberatos
552 943 687 1020 possunt
715 936 830 1001 haee
822 956 856 1000 rn
885 936 995 1001 aoristi
1023 937 1170 1019 reliquiis
1199 943 1351 1026 numerari,

242 1038 318 1122 quia
339 1036 381 1102 ab
398 1033 524 1118 offerat,
548 1033 679 1116 offeror
698 1053 763 1098 non
778 1033 885 1098 minus
900 1018 1029 1100 diversa
1047 1041 1132 1118 sunt,
1158 1056 1256 1119 quarn
1269 1065 1354 1125 προς-

242 1140 376 1220 esayam
407 1129 593 1215 ἀπένεγκον
616 1151 637 1196 a
658 1136 854 1217 προςφέρῃ,
884 1128 1052 1217 ἅνοόφερε.
1097 1133 1208 1215 Atque
1233 1138 1406 1205 notionis

242 1251 368 1316 quoque
398 1229 612 1295 differentiam
640 1228 803 1311 quandam
835 1228 924 1314 apud
953 1230 1115 1296 Romanos
1153 1230 1258 1300 fuisse
1292 1235 1356 1300 inter

241 1337 409 1412 utramque
431 1326 571 1392 radicem
594 1332 766 1410 propterea
787 1327 856 1392 veri
878 1349 944 1392 non
966 1327 1123 1394 dissimile
1148 1348 1224 1397 esse
1238 1332 1357 1415 videtur,

242 1426 329 1511 quod
344 1424 464 1509 suffero
483 1431 568 1490 oerte
590 1430 622 1488 et
642 1424 755 1485 eatuli
773 1445 839 1489 non
856 1424 1002 1508 ejusdem
1022 1425 1278 1508 significationis
1293 1439 1358 1497 sunt

242 1526 328 1592 Nam
350 1521 525 1591 sufferendi
547 1521 679 1586 verbum
703 1540 774 1587 earn
796 1523 862 1586 vim
883 1543 950 1586 non
972 1523 1086 1606 habet,
1115 1531 1154 1589 ut
1179 1525 1273 1593 idern
1295 1527 1361 1612 quoi

242 1623 321 1689 tollo
343 1622 397 1687 vel
420 1618 581 1686 demedio
603 1619 682 1684 tollo
704 1618 871 1702 signifieat,
894 1638 997 1702 eaque
1011 1639 1108 1686 eausa
1123 1621 1188 1688 fuit
1203 1643 1264 1690 eur
1279 1645 1363 1709 gram·

243 1719 351 1786 matiei
374 1717 486 1784 sustuli
509 1723 542 1782 et
563 1716 722 1781 sublatum
745 1737 816 1783 oum
831 1717 995 1801 praesenti
1016 1718 1095 1784 tollo
1111 1719 1275 1789 adonius
1291 1722 1363 1789 verbi

245 1817 500 1884 communionem
523 1812 766 1896 eonjungerent.
811 1815 983 1881 Simillima
997 1815 1058 1881 sibi
1072 1824 1149 1882 sunt
1173 1817 1365 1906 διαφέρων

245 1914 361 2000 differo
385 1915 482 1979 etiam
502 1912 538 1976 in
561 1930 608 1992 eo,
632 1911 718 1992 quod
740 1919 908 1995 utrumque
929 1913 1062 1978 verbum
1084 1917 1276 1983 neutralem
1291 1938 1365 1985 usum

243 2014 343 2079 habet
372 2033 392 2076 a
421 2008 565 2076 distendi
594 2008 726 2075 notione
753 2009 821 2076 fere
847 2031 914 2075 non
944 2009 1115 2076 diversum.
1163 2012 1291 2080 Verum
1318 2037 1365 2082 nou

244 2109 331 2176 idern
359 2108 486 2174 videtur
513 2105 647 2190 perfecti
676 2105 761 2188 quod
784 2114 833 2173 est
862 2107 969 2170 distuli
994 2129 1088 2193 usus;
1117 2117 1210 2177 nerto
1241 2135 1311 2180 non
1333 2114 1366 2178 in·

245 2207 341 2273 venio
363 2207 478 2286 loeum,
507 2204 541 2269 in
566 2223 628 2286 quo
650 2203 711 2268 hoe
732 2203 820 2269 idem
842 2204 928 2287 quod
950 2206 1108 2287 ,diversus
1128 2207 1188 2272 fui'
1209 2210 1365 2294 signifieat

246 2324 438 2387 quamquam
460 2303 654 2369 Graecorum
680 2299 869 2385 ὄιήνεγκον,
900 2301 1093 2390 διενήνοχα,
1125 2304 1257 2372 διοίσω
1291 2308 1368 2392 hujus

245 2403 386 2469 notionis
408 2422 474 2466 non
496 2407 571 2466 sunt
593 2399 749 2483 expertia.
765 2435 806 2445 -
829 2402 1045 2467 Transeamus
1066 2400 1111 2466 ad
1133 2404 1369 2490 verbumquol

247 2499 361 2564 dieitur
389 2499 635 2564 substantivum.
679 2497 717 2560 In
747 2514 786 2561 eo
814 2517 874 2564 neo
901 2497 988 2582 apud
1016 2499 1161 2566 Graeoos
1193 2523 1261 2569 nee
1298 2502 1370 2589 apud

151 2676 155 2682 ¹
246 2596 346 2661 Italos
368 2595 543 2679 perfeetum
566 2601 681 2676 exstat,
704 2593 790 2676 quod
811 2613 882 2659 eum
905 2597 1068 2678 praesenti
1091 2593 1167 2678 εἰμί
1188 2598 1210 2662 i.
1229 2619 1260 2665 e.
1279 2599 1370 2684 err-pr„

247 2712 315 2755 som
337 2693 390 2758 vel
412 2697 548 2754 *es-n-rn
570 2693 749 2775 comparari
769 2694 880 2775 possit7
904 2712 1039 2776 eamque
1057 2694 1098 2758 ob
1113 2714 1254 2762 oausam
1271 2698 1371 2765 Graeci

249 2790 340 2870 quasi
362 2789 594 2872 supplementis
616 2795 747 2853 utuntur
768 2789 918 2873 perfectis
950 2811 1033 2872 quae
1056 2796 1130 2856 sunt
1153 2797 1295 2876 γέγονα,
1322 2801 1372 2862 πέ-

250 2908 351 2972 φυκα,
374 2886 472 2953 iidem
495 2887 684 2970 saepissime
707 2887 810 2972 φῦναι
833 2888 1035 2968 substituunt,
1057 2895 1092 2953 ut
1108 2889 1225 2979 aoristi
1250 2915 1272 2959 a
1287 2895 1372 2962 verbo

250 2981 322 3065 εἰμι’
350 2983 476 3050 formati
504 2984 575 3050 vioe
602 2983 762 3066 iungatur.
806 2983 913 3063 Quare
940 2985 1054 3049 mirum
1083 3004 1165 3052 sane
1195 2997 1265 3071 est,
1301 2988 1372 3075 quod

247 3080 418 3147 formulam
440 3084 530 3148 illam
552 3081 746 3146 homericam
774 3079 809 3148 ἒν
834 3078 868 3145 δ’
893 3078 959 3166 ἄρα
989 3081 1023 3146 οἱ
1051 3088 1100 3168 φῦ
1119 3089 1215 3165 χειρί
1237 3088 1373 3171 plerique

248 3178 441 3263 interpretes
470 3181 516 3245 ita
542 3178 705 3245 inflectere
733 3179 854 3261 solent,
880 3186 918 3244 ut
946 3180 1116 3246 salutantis
1144 3201 1286 3249 manum
1314 3205 1373 3252 oum

250 3295 349 3342 manu
378 3278 509 3344 salutati
537 3277 629 3359 quasi
656 3282 914 3342 eonoreseentem
942 3277 1003 3342 sibi
1031 3276 1157 3360 fingant
1187 3277 1253 3364 (,er
1283 3282 1372 3346 waols

182 3385 234 3434 vn
256 3374 318 3436 itm
340 3377 372 3437 in
396 3375 446 3438 die
459 3373 591 3451 Hond’),
615 3394 686 3439 oum
709 3374 796 3440 idern
817 3373 884 3440 lere
906 3394 927 3439 a
946 3382 1044 3457 poeta
1065 3375 1270 3459 significetur
1290 3388 1373 3464 atque

252 3470 386 3555 ἐγένετο
410 3470 445 3538 ἒν
466 3475 555 3555 χειρί
584 3475 631 3548 (er
652 3471 723 3534 loom
746 3472 808 3534 ihm
831 3474 863 3534 in
885 3471 936 3535 dte
957 3471 1077 3550 Hand),
1106 3480 1142 3538 ut
1173 3475 1293 3542 dieitur
1313 3476 1374 3562 ἐγέ-

322 3720 343 3784 ²)
378 3718 502 3774 Ribbeck
525 3719 554 3773 in
578 3718 625 3773 der
642 3719 755 3773 aweiten
771 3719 899 3787 Ausgabe
917 3720 965 3775 der
982 3718 1117 3787 Tragilrer
1139 3721 1268 3779 schreibt
1291 3727 1374 3778 attolat

253 3798 303 3853 anf
318 3799 414 3854 Grund
433 3800 481 3855 des
498 3799 542 3854 bei
559 3799 664 3855 Nonius
682 3815 710 3867 p.
730 3803 788 3863 246,
808 3805 823 3854 3
840 3801 1032 3856 uberlieferten
1051 3803 1169 3856 attollat.

323 3881 343 3946 ³)
378 3880 440 3935 Keil
464 3879 639 3934 Grammatioi
665 3880 757 3934 Latini
782 3879 796 3933 Ι
821 3897 847 3949 p.
868 3887 916 3936 380
951 3881 1000 3935 hat
1034 3895 1085 3935 ans
1119 3882 1174 3938 den
1198 3885 1297 3943 beaten
1319 3901 1373 3941 mss.

253 3961 383 4028 Naevius,
400 3961 456 4016 und
476 3962 572 4024 ,dotem
590 3963 627 4012 od
644 3978 693 4013 nos
711 3962 813 4012 nullam
830 3963 938 4015 otuelus
955 3961 1173 4030 ausgenommen.
