2828 4776
419 369 461 425 De
479 369 622 424 titulorum
639 331 790 424 ionicorum
808 369 932 424 dialecto.
1174 363 1232 426 291

107 541 145 606 in
182 540 284 606 titulis
306 539 397 606 initio
428 540 531 624 quinti
561 540 682 606 sacculi
711 542 837 625 scriptis
873 547 921 608 ter
951 541 1072 607 solutas
1108 540 1235 621 formas,

109 639 214 705 semel
235 643 360 703 tantum
382 648 577 707 contractam
598 639 811 707 inveniamus.

197 735 266 799 Iam
295 734 338 800 ad
366 738 575 820 explicandas
609 737 714 821 quarti
735 736 856 802 saeculi
876 736 994 801 formas
1026 742 1237 802 transeamus.

108 833 160 898 Ac
182 832 318 915 primum
347 834 475 916 quidem
504 837 532 903 si
560 837 685 901 nullum
713 834 904 900 haberemus
933 834 1060 898 titulum
1082 832 1237 898 Thasium

108 930 174 996 nisi
191 931 316 994 titulum
336 935 386 1011 24,
409 932 520 1017 forma,
544 954 640 1018 quam
655 934 689 998 in
705 952 742 998 eo
758 932 897 998 restituit
912 930 1105 1013 Boeckhius,
1133 937 1238 1011 Τιμο-

110 1028 236 1114 κλέ[ης]
260 1027 341 1092 nihil
364 1029 508 1112 haberet,
531 1030 617 1114 quod
639 1050 698 1096 nos
718 1029 905 1096 offenderet.
950 1027 1175 1110 Colligendum
1196 1046 1239 1094 cx

109 1145 152 1192 ea
182 1131 283 1206 esset,
322 1124 495 1192 dialectum
519 1129 674 1195 Thasiam
704 1147 807 1210 aeque
835 1135 932 1209 atque
961 1125 1155 1206 Euboicam,
1184 1124 1238 1190 vel

109 1223 237 1309 duobus
269 1225 407 1291 saecuhs
434 1233 606 1310 postquam
634 1227 668 1290 in
690 1226 888 1292 Milesiorum
917 1232 949 1291 et
978 1221 1239 1291 Chalcidensium

109 1321 297 1386 Italicorum
326 1323 438 1406 lingua
467 1323 567 1410 κλέης
605 1325 639 1388 in
672 1323 753 1409 κλῆς
782 1324 824 1390 sit
853 1330 1067 1405 contractum,
1104 1323 1240 1389 formam
1273 1368 1276 1373 -

109 1423 213 1508 κλέης
242 1442 307 1486 non
336 1426 533 1486 contractam
562 1420 742 1487 retinuisse.
787 1419 866 1485 Cum
894 1428 1002 1487 autem
1030 1440 1133 1504 nuper
1161 1420 1240 1488 satis

109 1513 209 1585 multi
229 1517 313 1583 tituli
335 1517 448 1584 Thasii
476 1518 532 1583 illo
554 1518 753 1600 antiquiores
785 1519 902 1602 reperti
932 1519 1014 1600 sint,
1044 1519 1097 1600 qui
1120 1519 1240 1602 saepis

109 1617 194 1683 sime
214 1615 449 1681 nominativum
470 1614 562 1680 illum
584 1635 711 1699 semper
732 1624 944 1696 contractum,
972 1636 1135 1698 nunquam
1157 1617 1239 1683 solu-

109 1723 180 1779 tum
196 1714 326 1795 habent,
349 1711 447 1778 valde
470 1712 590 1794 dubito,
614 1734 690 1777 num
712 1734 747 1780 re
769 1734 846 1781 vera
867 1715 901 1780 in
916 1715 1027 1798 lapide
1042 1716 1147 1780 soluta
1163 1714 1238 1781 olim

108 1812 207 1878 fuerit
229 1811 331 1877 torma
355 1810 552 1896 Τιμοκλέης.
598 1809 660 1875 Vix
675 1811 858 1878 Boeckhius
882 1831 953 1878 eam
975 1812 1178 1878 restituturus
1193 1809 1239 1874 iu·

109 1911 206 1989 isset,
236 1910 263 1975 si
293 1928 348 1975 eas
377 1927 457 1989 quas
479 1927 563 1972 nunc
585 1907 741 1974 habemus
763 1910 905 1975 Thasiae
927 1909 1057 1975 dialecti
1088 1908 1240 1990 reliquias

108 2007 326 2089 cognovisset.
371 2005 413 2069 In'
431 2004 542 2087 lapide
564 2005 645 2070 nihil
667 2006 784 2088 legitur
805 2007 868 2073 nisi

458 2104 683 2168 TrruorrAs
705 2151 733 2169 ..
754 2103 758 2185 l
778 2106 967 2169 xorror.

198 2201 278 2267 Levi
300 2198 477 2265 mutatione
500 2198 649 2265 elementi
672 2205 701 2266 Ε
721 2201 754 2264 in
777 2205 817 2264 H
835 2201 900 2284 legi
921 2207 1027 2284 potest
1052 2199 1239 2285 Τιμοκλῆςε

108 2301 230 2364 lacuna
252 2298 346 2364 unius
369 2297 505 2378 litterae,
532 2305 702 2379 quactum
725 2299 882 2379 nascitur,
904 2297 999 2364 facile
1022 2298 1184 2381 expletur,
1213 2298 1241 2363 si

110 2400 267 2479 ΣΙχοίροο
296 2401 352 2460 aut
379 2394 485 2460 simile
514 2395 591 2478 quid
618 2396 824 2462 restituimus.
869 2397 964 2461 Patre
993 2395 1122 2477 quidem
1144 2395 1241 2477 „Por-

110 2493 207 2559 culo“
230 2492 392 2557 Timocles
414 2492 473 2556 illa
495 2493 670 2559 mutatione
693 2494 837 2574 orbatur,
860 2495 961 2578 ipsius
982 2501 1090 2559 autem
1111 2511 1240 2573 nomen,

109 2592 141 2657 si
175 2591 265 2656 illam
294 2589 464 2656 lectionem
492 2590 678 2673 recipimus,
712 2592 827 2658 melius
856 2591 996 2657 concinit
1024 2610 1095 2657 cum
1124 2591 1241 2657 civium
1342 2655 1345 2659 .

111 2689 297 2755 nominibus
320 2687 515 2772 Δεινοκλῆς,
538 2683 750 2772 Ἀριστοκλῆς
772 2694 832 2754 cet.

198 2785 340 2850 Titulum
354 2784 444 2849 illum
461 2787 502 2847 24
524 2804 559 2850 re
581 2804 658 2850 vera
679 2786 888 2851 recentiorem
913 2806 994 2864 esse,
1018 2807 1114 2869 quam
1129 2785 1241 2852 Thasii

112 2884 169 2967 qui
191 2890 387 2949 contractam
409 2882 531 2948 habent
553 2883 704 2963 formam,
732 2904 773 2950 ex
795 2885 925 2967 linguae
948 2904 1011 2966 qua
1034 2886 1170 2967 scriptus
1193 2890 1243 2950 est

113 2984 349 3069 depravatione
366 2980 546 3049 luculenter
563 2988 708 3064 apparet.
745 2981 806 3046 Hic
828 2982 913 3046 enim
932 2982 1063 3064 longum
1076 3006 1097 3045 ο
1113 2981 1242 3064 saepius

111 3085 210 3149 attico
225 3101 314 3147 more
335 3082 535 3146 immutatum
551 3085 667 3157 servat,
690 3078 738 3141 illi
755 3098 882 3162 semper
899 3079 933 3143 in
949 3104 968 3165 q
984 3086 1124 3161 mutant,
1147 3096 1243 3160 gene-

111 3182 214 3246 tivum
236 3181 378 3263 ipsorum
401 3177 565 3241 nominum
594 3175 627 3238 in
655 3175 734 3259 κλῆς
756 3176 808 3240 hic
828 3177 925 3241 attico
947 3196 1035 3243 more
1056 3177 1091 3240 in
1114 3175 1241 3256 κλέους,

111 3278 163 3344 illi
184 3280 288 3343 ionice
309 3276 344 3341 in
367 3276 464 3350 κλέος
486 3272 540 3337 vel
563 3273 660 3347 κλοῦς
681 3272 830 3356 formant,
854 3280 885 3338 et
907 3294 990 3355 quae
1004 3279 1078 3338 sunt
1092 3272 1220 3337 similia.

201 3374 244 3440 Ut
265 3374 362 3456 igitur
384 3372 495 3456 paucis
517 3390 566 3452 ea,
595 3388 678 3451 quae
701 3389 719 3435 e
741 3370 843 3435 titulis
865 3371 1062 3454 collegimus,
1085 3371 1243 3452 compleo·

114 3481 229 3552 tamur,
247 3458 499 3537 demonstratum
512 3474 570 3547 est,
584 3467 757 3532 dialectum
772 3468 968 3533 coloniarum
981 3466 1242 3533 Chalcidensium

113 3590 175 3636 nec
197 3589 263 3634 non
277 3567 436 3633 Milesiam
458 3567 523 3629 iam
546 3572 636 3630 sexto
658 3584 688 3629 a.
708 3563 782 3630 Ohr.
797 3566 936 3646 saeculo,
959 3565 1133 3630 dialectum
1148 3563 1243 3630 Hali-

113 3667 310 3734 carnassiam
326 3664 432 3730 medio
448 3655 576 3729 saeculo
589 3661 708 3744 quinto,
721 3661 875 3728 Thasiam
888 3660 1026 3744 denique
1035 3661 1127 3726 initio
1139 3662 1243 3744 quarti

113 3764 238 3834 saeculi
253 3764 398 3828 vocalem
414 3785 430 3826 ε
446 3781 517 3826 cum
541 3759 687 3842 sequenti
710 3783 736 3837 ε,
759 3784 791 3845 q,
814 3783 846 3824 ει
867 3760 901 3823 in
919 3779 1017 3823 unum
1032 3759 1240 3841 contraxisse,

113 3862 292 3929 Euboicam
315 3858 453 3941 denique
469 3857 640 3924 dialectum
656 3857 904 3922 contractionem
918 3856 1010 3922 illam
1031 3856 1123 3922 initio
1140 3857 1241 3940 quinti

113 3960 237 4027 saeculi
257 3957 470 4023 inchoavisse.
