2828 4776
146 109 208 171 140
625 110 796 181 Siegismund
815 175 819 182 ⁸

143 282 194 348 ad.
208 281 284 365 fro,
297 281 363 365 sod
384 301 431 364 gr.
446 279 515 366 πρὸ
537 283 594 349 lat.
612 305 676 368 pro
699 283 843 351 slav-lit.
861 304 934 368 pro,
959 283 1049 359 etad
1062 283 1173 366 indog.
1187 283 1311 369 *pros

143 379 266 462 relatis,
287 378 329 448 de
344 380 465 447 vocalis
479 381 710 465 anticipatione
724 382 883 464 cogitasse
896 380 1034 448 videtum.
1070 380 1261 466 Quamquam
1277 402 1311 445 ι

145 477 231 544 enim
258 477 346 544 haud
375 477 472 545 dubie
499 479 681 562 linguarum
709 485 917 561 cognatarum
945 478 1068 545 formae
1096 479 1142 544 ad
1162 479 1261 563 iudog.
1295 528 1311 543 .

144 573 231 659 *pso
264 574 415 656 redeant,
449 583 515 659 got.
534 576 634 660 soor,
659 575 766 659 sauro
788 584 847 643 cet.
871 596 942 641 cum
965 597 1025 643 scr.
1043 597 1179 660 pur-oo,
1198 581 1311 661 ptr·-

144 694 195 735 oo-
203 673 251 752 ³⁰),
274 672 365 738 uend.
386 693 544 757 poooroo-
565 676 636 741 sim.
659 673 855 740 conferenda
882 681 971 757 sunt,
1001 693 1085 757 quae
1113 674 1232 742 formae
1249 693 1311 742 ea

145 770 245 852 stirpe
273 791 369 853 poro·
398 771 433 835 in
466 791 526 837 scr.
560 773 679 855 superl.
715 792 874 856 poro-mo·
910 778 1040 838 servata
1076 771 1311 855 prodierunt-

143 868 256 949 Itaque
278 887 320 933 ne
346 867 381 932 in
409 889 522 934 saxon.
542 868 659 952 formo
688 868 816 951 quidem
850 889 910 935 nec
941 870 976 934 in
1008 869 1124 936 lituan.
1155 872 1311 954 privior-¹

143 966 290 1031 vocalem
323 965 532 1049 anticipatam
564 985 636 1032 esse
672 966 802 1033 credere
819 965 821 968 ’
837 966 929 1049 licet,
966 967 1000 1032 in
1037 968 1156 1050 quibus
1189 968 1311 1052 prior·-¹

143 1064 264 1129 vocalis
286 1061 421 1147 perinde
443 1071 543 1146 atque,
561 1064 595 1129 in
614 1071 678 1147 got.
690 1063 818 1147 frumo,
840 1083 890 1146 gr.
906 1061 1044 1148 «πρόμος
1067 1069 1110 1143 (v.
1126 1065 1311 1131 Fickium..

142 1160 165 1225 l.
206 1161 241 1239 l.)
280 1161 382 1225 altera
424 1179 482 1244 per
530 1180 695 1244 syncopen
742 1162 913 1244 absumpta
955 1163 1059 1237 est³¹).
1126 1163 1311 1230 Eandem-

143 1256 300 1322 rationem
328 1258 411 1322 inter
439 1260 551 1323 lituan.
576 1278 687 1342 praep.
708 1261 793 1342 prom
816 1266 848 1324 et
868 1266 933 1343 got.
953 1258 1049 1342 fram
1071 1259 1311 1327 intercedere=

143 1354 350 1420 statuendum
383 1353 452 1421 erit.
473 1391 517 1400 -
539 1355 633 1435 Quod
664 1376 740 1422 vero
772 1355 914 1439 francog.
943 1376 1042 1440 pour,
1080 1359 1184 1424 umbr.
1212 1379 1311 1443 pcr-

144 1451 172 1530 (l
187 1486 229 1497 —
247 1472 277 1517 v.
294 1451 379 1518 Curi.
396 1455 418 1518 l.
433 1454 467 1526 l.)
490 1472 509 1519 e
530 1453 586 1518 lat.
605 1475 669 1537 pro
690 1455 795 1519 vocali
824 1455 1010 1538 praeposita
1037 1461 1108 1521 orta
1137 1463 1211 1522 sunt
1228 1491 1300 1504 «-

143 1550 296 1633 primum,
330 1550 392 1616 nisi
419 1550 529 1630 fallor,
563 1549 597 1615 in
625 1552 826 1634 compositio,
855 1553 1045 1636 pourooz'ore
1068 1571 1087 1618 e
1109 1555 1277 1638 prosequi,

143 1649 245 1713 umbr.
264 1667 364 1731 perae
386 1667 405 1714 e
424 1668 526 1733 prone
548 1647 589 1725 (l)
603 1685 646 1694 -
661 1649 705 1714 ad
726 1649 817 1715 illam
840 1651 1060 1731 quaestionem
1078 1650 1162 1719 nihil
1177 1653 1273 1734 valet,

50 1824 53 1829 ὁ
143 1746 295 1828 quoniam
317 1747 351 1810 in
373 1745 424 1811 his
439 1739 646 1829 ¹potissimum
668 1746 914 1830 rebussemper
934 1748 1051 1813 acriter
1077 1746 1286 1833 distinguen-

143 1843 219 1909 dum
243 1851 291 1910 est
312 1844 396 1908 inter
417 1863 466 1924 ea,
489 1863 572 1926 quae
594 1844 772 1909 recentiore
793 1851 938 1928 tempore
961 1852 993 1911 et
1015 1865 1064 1928 ea,
1088 1865 1174 1928 quae
1194 1846 1275 1912 anti-

144 1941 214 2022 quis
237 1940 435 2022 temporibus
457 1939 525 2005 fieri
546 1942 719 2023 potuerint.
792 1980 795 1985 ι

202 2105 205 2111 ,
228 2038 330 2103 Multo
352 2045 460 2103 autem
482 2037 642 2103 difficilius
665 2045 714 2104 est
736 2039 918 2122 decernere,
944 2044 1050 2121 utrum
1070 2041 1129 2106 lat.
1152 2043 1263 2114 tertios,

47 2184 50 2191 -
142 2135 224 2202 aeol.
248 2141 380 2221 τέρτος,
409 2135 532 2200 boruss.
561 2137 662 2208 tiras,
697 2155 756 2202 scr.
780 2137 888 2219 trtijos
915 2155 986 2201 cum
1007 2136 1057 2202 ud.
1082 2138 1202 2224 thorityo
1221 2159 1265 2222 gr.

142 2227 272 2318 τρίτος,
305 2232 352 2296 lit.
376 2232 498 2294 treczoo
526 2227 591 2316 got.
615 2233 735 2317 ilrrddjo
757 2233 800 2299 ad
821 2233 931 2317 indog.
954 2236 1067 2297 *tri-to
1089 2235 1266 2302 revocanda

142 2330 217 2410 sint,
239 2349 283 2393 an
304 2329 440 2394 fortasse
461 2330 556 2395 aliter
577 2331 781 2397 statuendum
804 2331 960 2397 videatur.
1006 2333 1162 2411 Quamvis
1187 2334 1265 2400 enim

143 2424 355 2492 concedamus
383 2431 500 2511 τέρτος
524 2447 541 2493 ο
562 2433 677 2513 τρίτος
705 2428 819 2495 eodem
845 2428 940 2494 modo
962 2449 1024 2512 quo
1046 2435 1262 2516 Πέρραμοςο

212 2656 246 2721 ³⁰)
265 2655 374 2711 Curtius
393 2655 499 2725 quidem
518 2660 623 2728 pirvo-
641 2673 773 2728 epra-va
800 2662 889 2712 ortum
915 2663 994 2726 putat
1011 2675 1037 2728 p.
1058 2664 1117 2714 267.
1155 2662 1208 2717 Sed
1228 2665 1262 2714 et·

142 2736 221 2791 iamsi
231 2736 431 2791 concedendum
441 2739 477 2792 sit
486 2737 621 2792 interdum
630 2739 659 2792 in
671 2739 763 2807 lingua
774 2754 876 2792 samer.
891 2741 1012 2793 vocalem
1023 2755 1084 2795 esse
1096 2743 1261 2814 anticipatum

142 2845 176 2867 ·.-
194 2833 356 2885 quamquam
374 2833 422 2887 ego
440 2819 544 2874 nullum
561 2820 713 2888 exemplum
730 2819 849 2889 reperire
865 2819 943 2887 potui
953 2849 995 2886 -‚
1013 2822 1088 2876 nullo
1106 2824 1186 2878 modo
1202 2823 1260 2877 idin

137 2914 242 2970 pur-as
260 2897 326 2964 sim,
350 2897 378 2951 in
397 2899 493 2967 quibus
512 2899 613 2954 vocalis
632 2899 702 2963 (suff.
717 2904 758 2965 as)
776 2900 955 2968 sequebatur,
980 2905 1101 2956 statuere
1119 2903 1218 2959 licebit.
1234 2930 1259 2940 -

143 2978 269 3033 Ceterum
286 2977 374 3046 indog.
392 2995 484 3048 praep.
505 2982 580 3050 *pra
599 2995 632 3033 ex
650 2979 742 3034 eedem
760 2981 806 3034 illa
824 2980 907 3049 stirpe
921 2997 1008 3051 para-
1025 2981 1143 3037 formata
1160 2988 1223 3049 erat,
1238 2997 1257 3034 v.

141 3060 229 3128 Bopp.
248 3059 316 3126 ‘Vgl
334 3060 451 3126 gramm!
468 3060 535 3126 111³,
553 3064 612 3113 500.

211 3140 245 3204 ³¹)
263 3139 325 3193 Non
343 3145 417 3193 recte
434 3139 546 3194 Fickius
563 3145 672 3209 praeter
689 3139 777 3208 indog.
795 3141 895 3209 superi.
919 3147 1068 3211 *paramo
1085 3145 1168 3197 etiam
1185 3147 1259 3215 *pre

142 3235 197 3275 ma·
222 3219 357 3274 exstitisse
381 3221 486 3274 statuit.
521 3220 579 3274 Nec
597 3227 671 3275 recte
694 3221 740 3274 lat.
756 3221 864 3291 primus
881 3222 934 3275 huo
952 3223 1095 3277 revocavit.
1119 3224 1260 3279 Nemeum

141 3301 215 3369 apud
234 3300 446 3355 (kaecoitalicos
464 3300 581 3369 pristina
598 3301 756 3370 superlativi
772 3301 860 3356 forma
877 3301 1026 3357 interiisset
1048 3334 1082 3342 -
1105 3320 1145 3372 gr.
1164 3301 1258 3374 πρόμος

141 3380 303 3450 peculiarem
327 3382 462 3449 quandam
486 3381 623 3436 notionem
646 3381 793 3436 aseivit-
811 3381 899 3436 denuc
926 3383 1105 3452 superlativus
1133 3401 1148 3439 e
1176 3396 1257 3455 praep.

137 3478 192 3532 pro
210 3461 342 3517 formatus
361 3467 414 3528 est,
444 3460 517 3536 apud
535 3461 655 3517 Graecos
681 3466 806 3533 πρῶτος,
834 3463 907 3531 apud
926 3462 1064 3518 Romanos
1085 3465 1196 3535 primos
1216 3475 1256 3533 pro

131 3542 295 3611 ,ξονστ-τοτε
313 3546 364 3597 cet.
384 3542 423 3596 ef.
444 3543 607 3597 Ucrssenum
622 3543 656 3596 A.
675 3543 696 3608 1,
716 3548 780 3608 780,
799 3543 847 3598 ubi
863 3549 954 3598 temen
972 3543 1089 3600 fortasse
1104 3562 1162 3600 non
1179 3541 1254 3600 omnia

140 3627 215 3675 reete
233 3621 373 3689 disputata
387 3628 458 3677 sunt.
468 3654 501 3661 —
511 3623 608 3677 Varias
626 3624 778 3691 linguarum
795 3639 912 3693 germen.
922 3624 1023 3678 formas
1037 3625 1164 3679 collectas
1182 3623 1252 3678 habes

141 3715 183 3770 ap.
201 3701 378 3756 Diefenbach.
398 3707 461 3771 ‘got
480 3705 552 3758 wtb.'
570 3705 591 3768 l,
611 3708 673 3772 3533
693 3704 727 3758 cf.
746 3704 854 3758 Grimm.
873 3720 912 3772 gr.
932 3705 980 3772 111,
1000 3709 1049 3760 626
1068 3720 1125 3774 sqq.
