2828 4776
548 320 581 376 de
598 320 741 381 metathesi
755 335 862 391 graeca.
1206 319 1265 384 167

142 492 226 558 haud
249 491 346 558 dubie
368 493 432 558 iam
454 499 531 575 tum,
544 513 629 588 'oum
645 494 787 589 primum
809 494 996 578 compositio
1019 494 1123 578 fieret,
1146 520 1264 583 τετρα-

141 595 304 673 tamquam
341 589 437 673 stirps
473 592 598 658 numeri
634 592 830 674 quaternarii
860 592 1008 659 adhibita
1044 598 1102 659 est.
1147 594 1265 660 Veram

137 694 246 755 autem
267 687 471 754 metathesim
492 689 609 755 laetam
631 709 703 756 esse
724 696 850 757 constat
870 690 905 755 in
923 689 988 756 dat.
1004 692 1264 775 ρ1.τέτρα·σι(ν)

138 791 168 854 et
183 784 219 851 in
234 783 338 850 ordin.
353 789 537 871 τέτρα-τος,
561 807 694 870 quorum
708 788 905 869 antiquiores
927 789 1045 854 formas
1067 794 1263 875 τέταρ-σι(ι)

137 888 170 949 et
193 886 372 967 τέταρ-τος
394 883 583 967 saepissime
605 885 750 968 legimus.
799 891 946 970 Τέτραοι
968 886 1090 953 formae
1112 888 1265 972 exempla

137 980 275 1046 eolleota
307 980 407 1047 habes
436 981 641 1049 ahobeokio
674 983 717 1049 ad
739 983 858 1068 Phryn.
881 1004 912 1067 p.
936 986 1015 1071 4⁰95
1044 987 1203 1070 τέτρατος
1231 990 1264 1049 et

136 1081 299 1162 τέταρτος
320 1077 408 1161 apud
428 1086 552 1162 poetas,
574 1088 669 1164 prout
690 1080 827 1146 alterum
846 1087 953 1146 utrum
974 1079 1081 1147 versui
1102 1082 1262 1162 convenit,

136 1175 354 1257 alternantur,
392 1175 467 1241 dum
502 1177 537 1242 in
572 1198 668 1261 prosa
701 1179 846 1244 oratione
877 1182 1037 1263 τέταρτος
1071 1177 1262 1245 dominatur.

136 1271 309 1338 Metathesi
346 1271 483 1357 denique
518 1276 615 1341 etiam
647 1274 713 1341 dor.
745 1271 953 1356 τετρώκοιτα
989 1282 1092 1341 ortum
1131 1282 1193 1358 est,
1229 1282 1265 1342 ut

137 1369 316 1436 Absensius
338 1369 371 1434 ΙΙ
403 1392 434 1454 p.
457 1374 519 1438 280
548 1378 635 1438 reete
662 1373 789 1454 statuit,
823 1389 865 1437 ex
893 1370 1157 1460 *τετορ-ήκοντα
1183 1373 1263 1453 (dor.

136 1469 320 1550 τέτσρ-ες),
355 1464 619 1552 *respo-quoave
652 1469 838 1549 (contractio
875 1468 990 1535 eadem
1023 1476 1072 1536 est
1104 1477 1201 1553 atque
1229 1471 1264 1536 in

138 1559 332 1648 ὀγδώκοντα
367 1586 424 1649 pro
456 1563 704 1653 ὀγδσ-ήκσντα).
749 1565 844 1647 Quod
870 1566 931 1631 huo
958 1567 993 1632 in
1016 1567 1118 1633 forma
1139 1594 1158 1653 ρ
1180 1569 1264 1634 inter

139 1661 219 1728 duas
241 1659 374 1729 vocales
398 1665 537 1746 positum
563 1663 768 1732 metathesim
795 1683 926 1747 passum
956 1671 1021 1747 est,
1057 1664 1166 1731 mirari
1198 1687 1264 1733 non

139 1758 302 1843 debemus,
326 1780 396 1826 oum
417 1761 452 1825 in
475 1761 588 1828 eadem
610 1761 710 1847 stirpe
732 1767 798 1826 tam
819 1779 919 1844 saepe
933 1785 971 1844 τρ
987 1763 1264 1846 coniungerentur.

225 1863 276 1923 76.
300 1856 469 1936 Quaeritur
491 1859 532 1926 de
556 1859 672 1925 dativis
694 1859 776 1943 plur.
792 1855 952 1943 πατράσι,
973 1857 1132 1945 μητράσι,
1154 1866 1264 1945 θυγα-

138 1953 255 2040 τράσι,
296 1950 457 2042 ἀστράσι,
491 1955 672 2042 γαστράσι,
707 1952 869 2038 ἀνδράσι,
907 1960 1012 2020 utrum
1051 1957 1085 2022 hi
1122 1975 1264 2041 syncope

138 2071 178 2118 ex
194 2059 415 2137 *πατερ-ασι,
434 2059 650 2142 *μητερ-ασι,
674 2058 927 2137 *θυγατερ-ασι
943 2058 1013 2132 oet,
1036 2072 1079 2117 an
1094 2054 1265 2120 metathesi

139 2170 179 2218 ex
202 2156 403 2235 *παταρ-σι,
426 2150 626 2239 *μηταρ-σι,
649 2155 882 2233 *θυγατσρ-σι
898 2155 956 2214 eet.
980 2148 1167 2232 prodierint.
1209 2151 1264 2216 At-

138 2267 200 2330 que
232 2247 314 2313 illud
348 2248 476 2331 quidem
499 2250 667 2315 Meisterus
690 2245 847 2313 ‘Studien'
870 2246 927 2329 IV,
951 2250 1013 2312 366
1035 2253 1101 2313 not.
1125 2247 1265 2314 maxime

138 2365 175 2414 eo
208 2345 413 2414 verisimilius
446 2346 552 2429 duxit,
586 2345 661 2429 quia
694 2344 827 2411 eaedem
855 2344 970 2427 stirpes
1000 2345 1097 2410 etiam
1121 2344 1263 2427 alioquin

137 2464 302 2530 syncopen
331 2444 494 2527 patiantur
515 2480 557 2490 -
579 2443 619 2509 oi.
648 2463 722 2526 gen.
750 2438 898 2525 ιτατρ-ός
920 2473 961 2496 ==
984 2442 1040 2507 lat.
1060 2447 1195 2526 patr-ia,
1227 2441 1265 2507 in

138 2539 279 2624 compos.
303 2537 426 2625 ἆστρο-
447 2547 507 2607 cet.
524 2576 562 2586 -
593 2546 699 2617 ασ(σ)ι
731 2544 839 2605 autem
868 2539 1050 2604 terminatio
1072 2559 1138 2603 non
1160 2539 1263 2604 solum

139 2639 227 2722 apud
260 2638 492 2705 Heracleenses
526 2638 571 2715 (in
592 2635 851 2721 ορασσόντασσι
879 2644 912 2703 et
933 2637 1034 2719 sim),
1072 2635 1131 2702 sed
1167 2636 1265 2703 etiam

136 2735 224 2820 apud
240 2736 363 2802 Attioos
386 2736 431 2810 (in
446 2733 578 2820 ἀροάσι,
600 2733 705 2813 υἱάσι)
722 2740 852 2801 servata
873 2734 1102 2818 oonspioiatur3
1127 2732 1264 2816 denique

137 2857 198 2917 ταρ
229 2832 376 2899 suffixum
406 2834 471 2898 iam
498 2833 727 2915 antiquissimis
757 2831 952 2915 temporibus
974 2831 1008 2897 in
1028 2855 1086 2915 τερ
1109 2837 1264 2896 mutatum

137 2950 210 2998 esse
231 2937 350 2996 monet.
372 2965 415 2976 —
437 2931 479 2996 At
501 2931 637 3015 primum
666 2927 883 3013 quaerendum
912 2934 976 3011 est,
1010 2949 1087 2994 num
1119 2947 1155 2994 re
1187 2947 1265 2993 vera

137 3027 259 3094 formae
280 3030 515 3111 ιτατερ-α(σ)σι
537 3035 596 3093 oet.
619 3027 789 3111 primariae
810 3026 944 3104 fuerint,
978 3032 1012 3090 ut
1040 3025 1082 3091 ab
1105 3026 1150 3091 eis
1173 3024 1265 3109 profi-

137 3125 213 3192 oisei
243 3123 432 3208 debeamus3
462 3146 524 3208 quo
553 3123 595 3189 de
617 3142 676 3203 ego
699 3124 797 3189 valde
818 3123 938 3188 dubito.
983 3122 1061 3187 Cum
1085 3123 1170 3189 enim
1193 3121 1263 3186 suff.

138 3246 206 3304 σοι,
232 3220 319 3304 quod
342 3229 391 3288 est
412 3243 470 3305 pro
494 3245 550 3287 στι
573 3253 614 3273 ==
636 3220 727 3286 send.
750 3242 812 3292 sou,
838 3241 895 3286 sor.
919 3219 977 3282 aba
999 3227 1059 3287 eet.
1083 3225 1124 3289 (v.
1148 3218 1264 3302 Boppii

137 3319 221 3402 ‘Vgl
245 3319 309 3386 Gr!
332 3320 372 3400 1³,
397 3324 457 3384 503
481 3339 538 3402 sq,
561 3318 724 3384 Auireoht.
746 3317 812 3382 KZ.
835 3318 860 3397 Ι,
887 3321 958 3396 118)
981 3316 1068 3399 apud
1091 3316 1263 3381 Homerum

137 3416 291 3499 stirpibus
321 3416 550 3483 labialibus
578 3434 704 3499 semper
728 3438 743 3479 ε
767 3414 871 3479 vooali
898 3413 1093 3496 adiungatur
1121 3419 1164 3484 (v,
1187 3411 1263 3478 Ger·

138 3511 284 3580 laudium
302 3514 368 3580 KZ.
391 3515 450 3591 IX,
474 3516 537 3595 58),
560 3514 599 3578 ao
620 3512 801 3580 terminatio
824 3533 900 3576 εσσι
923 3513 1002 3589 (τοι)
1024 3510 1059 3575 in
1080 3516 1263 3592 guttura·
1332 3530 1337 3539 ·

137 3612 247 3678 libus
280 3630 406 3694 quoque
439 3610 593 3694 stirpibus
626 3609 769 3675 usitatior
802 3609 843 3674 sit
874 3628 971 3691 quam
1003 3629 1047 3688 σι,
1070 3607 1169 3671 -in
1191 3606 1264 3672 aliis

139 3710 292 3793 stirpibus
313 3709 394 3775 haee
416 3708 544 3774 brevior
565 3707 746 3788 terminatio
769 3712 937 3787 tantopere
959 3704 1142 3788 praevalet,
1165 3710 1199 3768 ut
1220 3704 1264 3769 ad

140 3808 209 3873 suff.
237 3805 321 3872 *στι
357 3804 598 3888 adiungendum
633 3804 777 3869 vocalem
811 3806 860 3880 (α,
884 3808 912 3877 ε)
940 3821 962 3866 a
989 3800 1162 3885 primordio
1198 3821 1263 3866 non
1376 3819 1380 3826 ·

140 3904 355 3972 neeessariam
371 3903 468 3970 tuisse
483 3903 698 3984 intellegatur.
736 3900 789 3966 sio
803 3899 992 3983 saepissime
1006 3898 1143 3982 legimus
1155 3902 1263 3981 χερσί,
