2828 4776
214 90 273 198 492
322 128 325 133 ·
513 103 516 110 ’
689 112 859 181 Siegismund

208 283 392 349 revocanda
413 291 497 350 sunt.
542 283 621 350 Cum
643 303 719 350 vcro
741 285 776 350 in
793 285 844 350 his
868 310 880 349 t
903 285 1025 351 vocalis
1039 304 1089 368 eo,
1113 284 1200 367 quod
1214 286 1310 351 naualis

209 399 281 446 cum
303 400 444 447 consona
472 382 641 448 coniuncta
669 382 879 464 sequebatur,
911 382 1064 448 facillime
1092 383 1267 466 explicetur
1283 388 1312 459 (r.

210 475 295 542 Curt.
318 499 349 560 p.
374 482 435 543 664
459 483 614 559 culpator
638 511 678 531 =
702 477 843 563 σκήπτω
865 480 965 563 sim),
997 481 1059 546 hac
1087 498 1123 544 rc
1147 481 1242 546 etiam
1262 499 1314 545 000-

208 566 350 639 firmatur
372 595 448 641 vere
469 597 570 665 prop
593 577 763 642 metathesi
786 601 803 639 ν
825 577 993 660 anticipari
1015 578 1175 661 potuisse,
1205 599 1265 660 qua
1286 577 1315 642 de

209 690 245 737 re
274 680 292 748 0
323 677 341 758 2
370 674 559 739 monuimus.
602 674 653 739 De
685 675 791 739 vocali
812 674 857 738 in
891 686 1033 752 σκνῑπος
1066 675 1224 760 producta
1253 675 1316 739 inira

207 769 340 836 dicetur.

207 893 209 898 ·
296 873 324 932 7.
348 869 398 933 Ex
420 869 487 933 alia
509 868 619 934 radice
639 866 774 951 chop-1·
794 866 903 953 rlcomp
919 903 961 914 -
976 869 1015 934 cf.
1038 871 1095 934 lat.
1113 870 1250 942 scabere,
1269 877 1317 952 got.

206 962 325 1040 0100000
341 972 400 1030 cet.
422 986 474 1049 ap.
490 966 638 1030 Fickium
654 986 685 1048 p.
702 970 764 1029 406
779 1001 821 1012 —
836 965 932 1031 ducta
953 966 1105 1032 videntur
1126 989 1173 1050 gr.
1191 967 1321 1045 arduae.

211 1059 340 1148 κνήφη,
368 1060 540 1148 κνάφαλον
576 1063 789 1144 (1000000000,
814 1083 950 1145 quocum
973 1065 1101 1130 Curtius
1115 1071 1157 1148 p.
1179 1069 1241 1131 487
1261 1071 1332 1130 κνέ-

56 1178 57 1182 ’
121 1231 147 1244 „
210 1160 323 1245 φαλον
342 1160 551 1242 pulvinar,
574 1162 657 1226 aeol.
675 1159 845 1247 palpator
868 1161 1056 1245 composuit.
1100 1161 1184 1232 Rad.
1208 1161 1335 1245 (sllcmp

209 1263 337 1322 servato
359 1258 536 1322 litterarum
559 1259 672 1323 ordine
694 1260 903 1342 agnoscenda
916 1260 1043 1326 videtur
1057 1259 1091 1324 in
1106 1278 1167 1325 scr.
1184 1258 1357 1322 lembulo-

90 1421 93 1428 ,
210 1385 253 1405 ==
273 1373 320 1436 gr.
345 1353 532 1438 κνάφαλον,
566 1357 711 1439 quamvis
732 1350 865 1422 Fickius
891 1357 932 1423 de
954 1358 1015 1422 hoc
1037 1356 1242 1422 dubitaverit.
1280 1354 1368 1421 nl.

210 1449 346 1516 eandem
369 1450 511 1516 radicem
533 1454 585 1517 hic
607 1475 639 1537 p.
662 1457 722 1518 207
745 1456 795 1530 (ci.
812 1454 898 1519 Curt.
913 1476 945 1539 p.
961 1459 1034 1536 656,
1056 1454 1139 1519 Pott.
1156 1454 1206 1519 W.
1222 1452 1247 1536 1,
1262 1455 1376 1527 079)

176 1588 178 1593 ·
211 1556 297 1615 recte
326 1548 414 1613 haud
443 1550 539 1617 dubie
568 1552 733 1617 revocavit
762 1557 865 1634 navtur
899 1553 954 1635 (pl.
986 1556 1137 1629 σκνῖπες)
1170 1552 1383 1617 sermion-

88 1726 93 1735 .
213 1647 409 1728 ‘sehabe'.,
434 1653 518 1730 etp.
545 1652 606 1713 407
632 1646 768 1724 unverein
801 1661 948 1732 parcus
982 1649 1228 1727 (‘knicker’l
1251 1636 1384 1714 cari-

211 1754 301 1823 πνω,
335 1743 457 1821 κνινεός
486 1746 667 1831 (Hesyeh.)‚
696 1746 783 1812 unde
805 1752 957 1832 Γνίφων,
980 1767 1151 1829 parcorum
1171 1767 1278 1814 senum
1295 1747 1385 1810 ir)

211 1843 378 1908 comoedia
406 1863 539 1925 nemen,
571 1844 700 1914 ductum
730 1851 787 1910 est.
832 1846 883 1910 De
904 1845 955 1910 his
970 1833 1005 1910 ‘si
1033 1845 1105 1926 quis
1135 1845 1385 1920 dubitaverit,

111 1963 114 1968 ·
211 1940 354 2006 conferat
384 1943 501 2022 κίμβιξ
515 1943 554 2014 li.
579 1963 608 2024 q.
634 1941 790 2021 σκνιννός,
825 1942 1033 2008 hauddubie
1060 1963 1119 2025 pro
1149 1941 1313 2026 *σ’κιμπιξ)
1346 1979 1385 2015 2

211 2039 266 2103 ubi
288 2038 475 2105 metathesis
496 2059 562 2104 non
583 2040 668 2105 iacta
691 2047 756 2121 est,
787 2040 844 2106 sed
866 2066 894 2104 π
916 2046 990 2122 post
1010 2064 1034 2120 p
1056 2075 1100 2084 —
1121 2040 1204 2106 sicut
1224 2042 1256 2106 iu
1276 2059 1331 2106 scr·
1356 2073 1386 2088 α

211 2135 355 2200 lembulo
386 2136 576 2202 videtur-
598 2138 632 2203 in
664 2137 805 2202 mediam
838 2137 965 2203 transiit
998 2137 1049 2213 (cf.
1079 2136 1166 2202 Curt.
1195 2159 1228 2221 p.
1252 2139 1313 2208 400)
1363 2171 1386 2186 -

212 2233 343 2300 Eisdem
373 2242 480 2300 autem
508 2235 617 2300 formis
646 2236 786 2300 maxime
808 2235 919 2299 nititur
939 2254 1013 2299 mea
1036 2234 1077 2300 de
1099 2233 1257 2301 κνάπτειν
1276 2240 1328 2298 cet
1349 2266 1386 2283 α

212 2331 391 2414 sententia3
420 2351 502 2414 quae
530 2333 592 2398 nisi
621 2338 800 2415 exstarent,
835 2332 1045 2398 concederem
1076 2332 1175 2397 aliam
1199 2331 1384 2412 ,soraee

212 2428 456 2511 originationem
488 2430 739 2512 probabiliorem
774 2449 861 2512 esse3
891 2432 990 2495 velut·
1008 2430 1036 2495 si
1064 2429 1137 2511 quis
1164 2427 1292 2494 κνάπνω
1310 2437 1380 2490 3

105 2551 109 2614 g
213 2525 281 2590 rad.
311 2524 533 2605 *01οα00000
557 2529 658 2607 ξαίνω
681 2549 739 2612 pro
763 2527 933 2611 *caus-jur
949 2528 991 2591 al.
1016 2527 1056 2592 cf.
1078 2547 1177 2611 supra
1199 2534 1263 2593 nol.
1284 2526 1363 2600 73)

108 2708 110 2713 Ι
212 2623 359 2690 similiter
386 2623 556 2689 formatum
590 2633 746 2692 statueret
778 2631 873 2706 atque
903 2621 1086 2706 ἄστράπνω
1115 2633 1135 2689 0
1162 2631 1203 2690 st.
1235 2621 1345 2702 ἆσναρ

215 2725 288 2800 (aad
304 2726 323 2784 4
339 2742 371 2785 n.
389 2726 441 2796 51)
464 2722 533 2787 sim.
572 2723 703 2802 Videas,
727 2729 846 2804 quanta
859 2721 1034 2801 similitudo
1056 2721 1238 2788 intercedat
1257 2723 1341 2786 inter
1406 2793 1412 2803 .

213 2818 342 2900 singula
363 2818 495 2883 nomina
510 2840 530 2883 a
547 2819 666 2904 duplici
682 2821 741 2885 illa
755 2819 823 2885 rad.
840 2818 950 2909 cltump
975 2821 1012 2893 (Ι.
1035 2827 1177 2902 tegere
1199 2820 1242 2885 Il.
1256 2836 1331 2885 sca·
1398 2849 1410 2905 r

213 2916 320 2984 borel
343 2915 496 2980 formata:
520 2923 648 3000 κνέφας
670 2953 712 2964 -
734 2919 918 3003 animator,
948 2916 1141 3000 γνόφος-
1163 2916 1324 3004 γνόφαλνν,
1388 2984 1390 2998 2
1401 2972 1408 3002 Ι

215 3011 355 3088 σκνῑπός
379 3015 622 3080 tenebrosus
645 3051 688 3060 -
711 3013 848 3091 σκνῑπός
866 3034 1017 3098 parcus
1039 3021 1099 3079 cet.
1185 3018 1187 3023 '
1380 3070 1407 3104 p:

299 3113 327 3175 8.
351 3110 432 3176 Rad.
456 3134 552 3192 καμπ
573 3132 759 3193 curvare,
788 3131 871 3194 quae
893 3111 1066 3177 secundum
1089 3111 1320 3178 Grassmannum

106 3207 109 3213 ’
212 3207 279 3272 ΚΖ.
295 3208 354 3290 ΙΧ,
374 3213 422 3291 17,
446 3229 518 3273 cum
533 3230 592 3275 scr.
608 3195 694 3274 1000Ιέ
717 3206 888 3289 (dudd-atr)
912 3215 1049 3291 cognata
1071 3210 1170 3290 est'⁴),
1192 3209 1227 3273 in
1242 3224 1318 3277 avua,
1378 3239 1390 3291 p

212 3327 302 3388 yvon
323 3325 418 3371 versa
439 3305 565 3373 videtur·
586 3309 620 3372 in
642 3308 694 3373 his'
714 3308 838 3372 formis:
1379 3299 1381 3305 ¹

282 3489 373 3555 7004.
392 3490 466 3544 Gurt.
485 3508 512 3559 p.
531 3495 590 3544 420.
627 3491 658 3543 1..
688 3491 781 3561 Meyer
800 3489 870 3555 ‘Get
897 3489 962 3556 spr.'
988 3490 1044 3556 got.
1072 3487 1183 3558 damso,
1212 3485 1276 3556 quod
1296 3479 1319 3532 dt

214 3569 321 3626 homine
347 3571 453 3627 detorto
479 3571 594 3636 dicitur,
622 3571 735 3625 confert.
775 3571 837 3625 Joh.
865 3568 1031 3623 Schmidtius
1059 3569 1174 3624 ‘VoeaL’
1197 3568 1248 3623 hcc
1269 3564 1319 3617 lent
1403 3600 1407 3629 e

215 3649 330 3704 coniecit
346 3655 434 3704 totum
452 3652 594 3706 concinere
619 3668 680 3704 cum
697 3668 736 3720 gr.
755 3651 862 3720 κωφός,
891 3650 938 3704 ubi
956 3649 1056 3703 nasalis
1074 3649 1142 3704 elisa
1158 3653 1242 3712 esset,
1263 3638 1319 3698 utin
1386 3669 1409 3727 p

101 3772 104 3778 .
217 3727 305 3799 κυφός
323 3731 357 3784 al.
376 3749 400 3785 v.
419 3730 454 3785 ib.
473 3748 499 3800 p.
521 3737 577 3785 153.
601 3736 656 3785 162.
