2828 4776
140 398 202 459 442
407 440 411 453 .
441 400 559 467 Curtius,
578 400 620 454 De
636 399 732 456 aoristi
748 399 826 454 latini
842 400 970 470 reliquiis.

141 577 247 641 inesse
276 575 328 638 rel
358 592 413 638 eos
441 591 647 639 concessuros
675 592 746 639 esse
774 592 884 656 spero,
914 573 967 655 qui
998 571 1219 637 difficiliorem
1233 573 1259 639 de

143 671 375 755 significatione
397 671 616 752 quaestionem
639 671 734 736 nimis
756 668 953 734 reconditam
976 689 1049 736 esse
1072 671 1265 736 arbitrentur.

144 771 213 835 Hoo
239 776 346 834 autem
375 788 526 834 concesso
556 769 609 850 qui
639 768 836 853 reputaverit
862 767 897 831 id
926 769 1011 851 qnod
1039 769 1124 832 mihi
1151 770 1264 850 quiden

142 889 208 932 non
229 867 358 931 dubium
383 865 611 946 assentietur,
634 866 667 930 in
690 867 873 931 universnm
896 874 980 931 uerte
1002 866 1088 930 nihil
1111 867 1150 930 in
1174 868 1263 932 verbis

143 964 333 1046 dicendique
360 963 468 1028 formis
495 963 602 1028 inesse
631 964 717 1046 quod
747 984 812 1029 non
837 963 1032 1030 adsensum
1057 963 1207 1044 aliquem
1228 985 1268 1029 er·

141 1060 342 1145 primendum
358 1059 477 1124 fastum
493 1061 543 1135 sit,
566 1080 701 1143 eamque
716 1063 756 1127 ob
772 1081 901 1127 oausam
917 1082 981 1126 non
996 1061 1139 1125 formam
1157 1070 1266 1126 tantun

31 1156 33 1161 ’
141 1160 317 1226 sedetiam
339 1158 404 1222 vim
426 1158 536 1223 aoristi
558 1159 601 1223 ad
623 1159 878 1242 antiquissimam
900 1160 1054 1242 gentium,
1080 1179 1170 1240 quae
1193 1159 1267 1223 indo-

142 1258 346 1341 germanioae
370 1254 525 1336 dicuntur,
549 1263 687 1322 aetatem
707 1256 876 1341 pertinere,
899 1257 1034 1322 fortasse
1054 1278 1124 1321 non
1142 1257 1267 1340 amplius

143 1354 340 1434 initiabitur,
363 1351 458 1418 iaeile
473 1353 540 1418 fieri
556 1354 707 1436 potuisse,
731 1360 765 1418 ut
780 1354 876 1418 etiam
892 1354 979 1437 apud
994 1355 1098 1418 italos
1119 1354 1266 1436 quaedam

144 1452 275 1534 majoris
289 1451 322 1514 in
338 1457 481 1532 tempore
496 1451 707 1533 significando
723 1452 877 1516 ubertatis
893 1451 1049 1533 reliquiae
1062 1460 1265 1518 remanerent

225 1739 466 1818 Anhangweise
496 1757 570 1820 mag
606 1739 676 1805 hier
710 1740 791 1803 noch
829 1738 974 1803 erwahnt
1009 1737 1168 1817 werden,
1206 1739 1257 1802 das

142 1837 297 1903 Usener
318 1836 351 1899 in
373 1836 495 1900 seinem
514 1835 707 1902 Greifswald
726 1840 807 1901 1866
823 1836 1055 1900 ersohienenen
1072 1836 1262 1900 Prooemium

143 1935 315 2017 „Pseudoli
335 1933 503 1997 Plautinae
526 1952 644 2000 scaena
667 1934 830 1999 seeunda“
853 1954 884 2016 p.
903 1938 941 1996 14
962 1934 1006 1996 im
1029 1935 1215 1999 Ansohlnss
1234 1953 1263 1996 an

141 2034 248 2098 meino
270 2033 466 2113 Auffassung
487 2030 537 2094 fur
558 2052 588 2095 r.
615 2037 673 2096 170
704 2031 809 2096 dieses
832 2030 968 2096 Stuokes
997 2037 1076 2095 statt
1107 2031 1169 2097 des
1192 2032 1264 2095 iiber·

142 2131 288 2196 lieferten
304 2130 415 2191 tundat
429 2128 481 2192 die
493 2129 680 2194 Aoristform
699 2129 850 2212 persudat
865 2128 1055 2199 vermuthet,
1081 2129 1160 2194 eine
1177 2131 1262 2207 Foru,

145 2227 197 2293 die
218 2228 276 2292 mit
298 2229 410 2310 ottiyot
433 2225 485 2290 die
505 2232 630 2307 grosste
652 2225 882 2292 Aehnliehkeit
903 2226 1001 2290 h'atte.

510 2697 910 2764 BERICHTIGUNGEN.

146 2860 173 2916 S.
193 2865 242 2916 256
260 2862 289 2915 Z.
311 2867 340 2917 13
358 2879 381 2916 v.
400 2878 425 2918 o,
443 2861 492 2916 lies
510 2866 577 2916 statt
595 2859 743 2932 [t-Muoeoc
768 2858 974 2931 [λ-Μρυθος.

152 2971 164 2983 ·
193 2946 241 2995 272
267 2971 278 2983 -
307 2948 366 2996 15·
403 2973 414 2983 -
459 2972 469 2984 ·
540 2973 551 2986 ·
582 2941 713 3012 χρήματα
732 2935 989 3012 αὐτοῦχρήματ’
1019 2939 1146 2995 αὐτοῦ.
1185 3006 1188 3011 ἢ

152 3053 164 3067 -
191 3027 239 3077 296
266 3053 278 3065 -
325 3030 369 3077 t·
392 3040 419 3078 u.
456 3053 468 3065 ·
538 3052 549 3062 -
583 3022 751 3090 intelelgeret
768 3022 1002 3091 intellegeret.

152 3134 164 3146 ·
191 3108 240 3159 299
268 3134 279 3146 -
307 3107 339 3158 22
357 3134 369 3146 ·
396 3120 421 3159 o.
440 3102 477 3158 ist
493 3119 528 3157 zu
545 3102 620 3158 lesen
635 3099 760 3173 χρήματ’
782 3100 874 3154 αὐτῶν
893 3107 945 3165 125,
968 3108 1017 3165 tt).
1138 3158 1140 3163 ,

153 3215 164 3224 ·
198 3216 230 3225 -
266 3215 276 3227 ·
304 3215 366 3226 --
403 3215 413 3226 ·
450 3215 461 3225 -
505 3214 516 3224 -
575 3213 587 3225 ·
635 3179 760 3253 χρήματ’
789 3181 873 3236 autor]
898 3188 956 3247 (25,
978 3187 1027 3245 22)
1062 3184 1125 3238 und
1146 3183 1263 3255 χρήματα

638 3257 723 3316 αὐτοῦ
740 3282 775 3319 zu
794 3265 934 3319 streiehen.

154 3350 280 3401 -soo·
327 3350 371 3400 3·
408 3345 1006 3411 -liesstatttrorrrr),statu-notris).

155 3431 281 3481 -aon-
328 3429 419 3478 n--
465 3456 475 3467 -
546 3455 558 3465 -
603 3429 873 3495 ‹puato-rost.

440 4053 515 4093 Druck
531 4063 572 4094 ron
586 4051 608 4094 J.
624 4052 648 4092 Β.
662 4049 837 4092 Hinohfeld
851 4051 874 4090 tu
887 4050 986 4101 Leipzig.
