2828 4776
434 340 475 394 De
493 340 633 395 titulorum
649 339 800 394 ionicorum
818 338 943 395 dialecto.
1208 336 1270 396 277

228 511 401 595 Permagni
423 519 497 578 5551
520 511 672 577 momenti
694 512 919 595 inscriptiones
947 509 1115 576 ininsula
1138 512 1271 579 Euboea

139 615 300 691 repertae.
344 610 383 674 In
406 629 444 676 eo
466 609 560 682 enim,
585 609 672 692 quod
694 609 856 691 exhibent,
879 609 1054 694 alphabeto
1076 609 1269 675 elementum

139 710 181 769 H
200 706 348 790 spiritum
374 713 517 787 tantum,
545 727 708 789 nunquam
730 707 862 789 longum
886 718 902 768 5
924 705 1086 788 designat,
1117 727 1188 772 eum
1210 708 1270 772 ad·

138 801 280 868 hibitum
302 805 343 870 511
364 804 398 868 15
420 803 530 870 formis
548 798 752 888 Ἡγαμονεύς
776 811 817 886 (4,
842 808 910 885 56),
930 798 1118 890 ‘lanarios
1141 810 1182 886 (4,
1206 811 1269 887 57),

136 894 300 984 Ὁμήριος
317 906 357 983 (4,
375 905 439 977 58).
468 902 829 984 Τ551555555515155,
853 920 935 984 quae
957 901 1048 965 initio
1070 901 1271 969 hauddubie

138 997 290 1082 spiritum
301 1019 449 1082 asperum
465 999 639 1082 habebant,
652 994 846 1085 Ἐξεκρᾶτης
861 1005 895 1065 51
906 995 1117 1082 Ἐρμόκριτος
1132 1003 1195 1083 (41,
1206 1006 1271 1082 51),
1391 1023 1394 1032 ·

139 1096 213 1162 5155
241 1097 371 1181 spiritus
399 1105 477 1163 nota
505 1098 624 1179 scripta
651 1103 734 1162 5551.
779 1096 814 1162 si
842 1103 949 1161 autem
977 1096 1015 1176 ii,
1046 1096 1099 1177 qni
1129 1095 1191 1162 duo
1213 1098 1272 1162 1115

138 1193 275 1261 nomina
294 1194 425 1261 laminis
444 1195 642 1276 inciderunt,
666 1200 757 1276 5515,
782 1213 863 1276 qnae
885 1194 925 1259 iis
947 1200 1075 1276 praesto
1097 1201 1182 1276 erat,
1205 1215 1271 1259 non

138 1293 304 1374 naisum,
332 1312 531 1376 consequens
560 1298 623 1374 est,
653 1312 695 1358 55
717 1312 830 1358 sonum
854 1289 983 1374 quidem
1012 1297 1078 1355 tum
1107 1311 1178 1358 5555
1200 1313 1272 1376 pro-

140 1390 336 1456 nuntiatum.
388 1407 391 1414 ¹

228 1488 356 1570 Reliqui
378 1487 463 1551 tituli
485 1486 581 1551 ionici
605 1505 715 1551 omnes
738 1486 846 1552 littera
860 1491 900 1550 H
911 1487 1042 1569 longum
1058 1499 1074 1548 5
1090 1486 1271 1569 designant.

138 1587 213 1666 Quo
236 1592 382 1669 tempore
402 1585 668 1650 mercenariorum
690 1583 774 1648 tituli
791 1589 844 1666 (5),
866 1585 1084 1651 vetustissima
1105 1584 1272 1667 alphabeti

139 1684 240 1749 ionici
262 1688 485 1763 monumenta,
517 1701 600 1764 qnae
629 1701 715 1747 nunc
743 1681 839 1746 etiam
869 1691 1013 1763 exstant,
1043 1681 1163 1765 scripta
1187 1688 1270 1761 5551,

138 1780 285 1864 genuina
314 1779 465 1845 elementi
493 1779 682 1863 significatio
704 1799 770 1844 555
799 1779 864 1844 1515
894 1799 1024 1862 prorsus
1051 1779 1085 1844 in
1108 1778 1271 1845 oblivione

138 1877 250 1960 iacuit,
274 1897 346 1943 cnm
367 1897 388 1941 a
409 1877 615 1944 mercenariis
637 1876 774 1942 Doricae
795 1876 901 1958 gentis
924 1876 1054 1960 saepius
1076 1876 1205 1958 quidem
1227 1876 1271 1941 ad

138 1978 275 2058 longum
298 1987 331 2055 e,
365 1975 415 2040 bis
436 1993 514 2039 vero
534 1974 578 2039 ad
599 1974 744 2057 spiritum
767 1972 1002 2056 designandum
1030 1973 1209 2038 adhibitum
1231 1972 1272 2039 sit

138 2072 191 2147 (51.
216 2093 249 2156 p.
272 2075 357 2148 259).

228 2170 267 2235 In
290 2169 421 2252 reliquis
442 2170 540 2252 igitur
561 2168 663 2233 titulis
679 2167 827 2233 omnibns
850 2188 868 2234 e
890 2168 1047 2251 scriptura
1069 2166 1110 2232 cle
1132 2187 1272 2249 pronun-

139 2268 221 2332 tiato
244 2274 300 2332 aut
321 2288 387 2333 555
401 2266 607 2351 pronuntiato
623 2265 735 2349 spiritu
751 2284 866 2349 aspero
888 2265 969 2330 nibil
985 2263 1133 2330 concludi
1155 2270 1270 2346 potest,

139 2364 203 2431 5151
227 2364 309 2430 15115
330 2365 436 2432 155515
456 2364 602 2429 vocalem
624 2361 799 2447 praecedit.

229 2461 424 2528 Concursum
463 2463 555 2527 illum
588 2461 694 2526 155515
727 2480 799 2525 cnm
831 2460 978 2542 sequenti
1015 2458 1120 2523 vocali
1156 2478 1271 2542 aspero

139 2558 257 2644 spiritu
278 2559 436 2643 praedita,
460 2560 562 2642 quiin
584 2559 696 2642 lingua
709 2577 827 2640 graem
840 2577 906 2622 555
928 2557 1031 2622 55155
1052 2556 1087 2620 15
1102 2557 1272 2622 verborum

139 2657 390 2741 compositione,
421 2656 480 2723 sed
507 2658 604 2723 etiam
633 2658 667 2721 in
696 2656 777 2722 crasi
807 2662 839 2721 et
867 2655 1001 2720 elisione
1028 2654 1134 2719 locum
1163 2654 1270 2737 habet,

138 2755 248 2822 sexies
270 2755 306 2819 in
327 2755 429 2821 titulis
449 2755 568 2821 nostris
589 2754 763 2821 habemus:
792 2753 912 2832 Quater
933 2751 1038 2818 tenuis
1059 2751 1186 2834 integra
1208 2771 1271 2818 ser-

139 2860 220 2918 vata
242 2858 308 2918 est:

347 2945 617 3032 τοῦρμοκράτεος
640 2952 703 3030 (29,
728 2952 774 3031 2),
901 3000 903 3004 .

348 3042 411 3110 ἀπ’
437 3042 537 3123 Salon]
560 3049 704 3127 (21,18),
728 3043 880 3126 κατάπερ
903 3046 965 3123 (21,
992 3046 1052 3118 19).

349 3141 501 3226 κατάπερ
524 3146 600 3219 (29).

227 3240 268 3304 15
290 3239 414 3306 (luobus
429 3240 595 3306 vocabulis
615 3238 799 3323 compositis
821 3237 928 3303 tennis
949 3237 983 3301 15
1006 3235 1181 3318 aspiratam
1204 3254 1270 3298 mu·

137 3347 209 3404 1515
232 3344 296 3404 est:

347 3439 545 3520 καθημένου
569 3437 632 3511 (13,
649 3437 718 3517 31),
742 3430 895 3497 κάθοδον
919 3433 982 3512 (21,
1001 3432 1063 3505 49).

228 3529 335 3597 Hodie
362 3532 403 3597 ab
432 3531 646 3614 explicatione
675 3529 894 3595 desistendum
917 3533 981 3602 est,
1004 3545 1087 3608 quae
1114 3525 1270 3609 neglectis
1328 3613 1331 3616 Δ

137 3628 276 3711 reliquis
299 3628 428 3695 dialecti
449 3628 591 3695 fontibus
612 3626 679 3694 lieri
701 3647 767 3692 non
789 3632 910 3709 potest:
935 3645 1043 3691 eorum
1064 3629 1171 3688 autem
1185 3627 1269 3689 5555
1356 3657 1359 3663 ·

137 3727 271 3811 longius
292 3739 394 3791 5555
414 3726 577 3810 proposito
599 3724 782 3790 abduceret.
