2828 4776
458 368 491 423 de
509 365 648 422 metathesi
666 380 772 434 graeca.
1110 364 1169 425 145

45 537 208 628 κραὸ-άω,
232 537 384 625 θρασ-ύς
399 538 482 621 aliis,
506 557 588 621 qnae
603 536 756 621 deinceps
774 538 953 605 afferemus.
991 539 1030 604 In
1054 537 1169 623 δρέπω

18 634 23 644 ’
48 648 151 708 autem
180 643 212 703 et
240 636 433 718 quibusdam
461 635 532 702 aliis
557 636 761 703 metathesim
783 634 900 701 factam
923 652 994 703 esse
1016 637 1078 702 hae
1100 638 1170 703 sola

51 740 92 804 ria
118 735 269 818 cognosci
290 735 416 818 poterit.

130 832 244 898 Rarius
277 831 440 899 radices
471 851 663 911 consona,
698 829 849 910 vocali,
884 828 1044 910 liquida
1077 850 1170 895 oon·

43 936 207 1008 ¹stantes
229 929 263 993 in
278 929 443 994 nominum
459 936 490 995 et
504 929 673 994 verborum
689 929 877 996 formatione
892 930 976 995 hanc
991 927 1169 1011 simplicem

59 1035 81 1093 et
99 1026 260 1110 propriam
282 1026 485 1092 metathesim
506 1027 670 1111 patiuntur
692 1029 793 1104 (velut
807 1035 846 1093 st.
862 1051 942 1110 καρ-
958 1026 992 1091 in
1012 1023 1169 1109 κρά-να-ς

61 1130 106 1189 oet.
135 1145 163 1188 v.
197 1126 216 1202 §
246 1127 266 1186 4
297 1127 328 1188 ri.
352 1126 393 1201 6).
452 1124 490 1188 In
527 1124 689 1207 plerisque
724 1125 852 1190 illarum
889 1123 1032 1189 radicum
1068 1129 1170 1188 trans·

63 1221 253 1287 montionem
275 1221 321 1285 ita
335 1219 403 1287 fieri
418 1221 574 1303 videmus,
597 1227 632 1285 ut
649 1222 769 1288 vocalis
784 1222 962 1305 postposita
976 1218 1169 1304 producatur

30 1380 34 1412 ί,
66 1323 89 1381 et
102 1317 224 1383 difficile
240 1318 282 1385 sit
298 1318 495 1401 dignoscere,
519 1325 622 1384 utrum
645 1319 833 1386 metathesis
855 1339 899 1384 an
921 1335 1062 1403 syncope
1084 1315 1170 1381 iacta

67 1413 104 1478 sit.
143 1415 245 1494 Quare
268 1417 381 1483 athas
403 1424 436 1483 et
457 1416 583 1483 radices
605 1436 762 1499 consona,
786 1416 907 1498 vocali,
929 1414 1065 1482 nasali
1087 1433 1170 1479 eom·

10 1558 12 1586 :
68 1511 175 1597 positas,
199 1534 332 1596 quarum
356 1514 470 1581 eadem
493 1521 542 1581 θεῖ
564 1514 654 1596 ratio,
678 1514 845 1580 seiunctim
862 1513 1103 1591 tractabimus§
1121 1517 1169 1576 10.

134 1612 198 1677 Iam
221 1611 393 1678 transimus
415 1612 458 1678 ad
481 1613 631 1696 exempla
653 1612 777 1679 Graeca
799 1610 1026 1679 enumeranda.

575 1801 646 1877 §a

590 1921 624 1981 P.

137 2029 160 2089 1.
183 2031 319 2109 Κρέκα),
358 2030 438 2112 κρέξ
474 2027 555 2104 (avis
592 2028 732 2102 nomen).
777 2024 883 2090 Radix
919 2024 969 2089 his
1005 2023 1171 2090 vocabulis

10 2130 21 2170 t
69 2117 188 2189 subiecta
211 2143 229 2189 e
251 2124 403 2209 primaria
425 2123 493 2189 rad.
516 2122 577 2186 dar
599 2142 743 2190 sonare
758 2159 799 2168 —
815 2122 854 2187 ci.
878 2125 1067 2205 καρ-καίρω
1083 2127 1171 2187 —et

11 2244 20 2265 τ
70 2218 161 2285 asine
197 2219 454 2289 determinative.
483 2221 551 2286 sive
588 2220 820 2305 reduplicativo
857 2217 1035 2301 composita
1071 2219 1170 2299 est⁴⁰).

10 2324 21 2365 1
70 2313 164 2395 Κρέκω
187 2318 272 2384 enim
287 2319 416 2403 proprie
431 2317 519 2384 haud
543 2315 639 2384 dubie
662 2316 820 2402 significat
842 2334 987 2382 sonare
1009 2316 1063 2381 vel
1087 2334 1171 2379 eum
1256 2381 1259 2387 „

10 2421 20 2507 J
69 2410 225 2498 strepitu
253 2415 412 2498 aliquid
441 2414 599 2500 pellere
636 2421 733 2498 atque
761 2415 897 2480 hincxet
920 2412 960 2478 de
981 2413 1054 2498 lyra
1076 2419 1107 2477 et
1130 2412 1170 2480 de

10 2518 19 2558 ³
69 2506 137 2575 radio
172 2514 205 2579 in
234 2513 388 2593 *texendo
419 2512 564 2578 adhibito
598 2512 731 2595 dicitur3
763 2512 801 2577 ef.
831 2511 988 2595 Hesych.:
1022 2515 1171 2593 κρέκειν·

10 2613 18 2655 t
69 2608 235 2694 κιθαρίζειν
259 2615 330 2687 (scr.
346 2609 481 2674 lrorlcari
500 2610 693 2693 cithara),
722 2614 899 2694 κρέκοντα·
924 2606 1171 2691 κερκίζαααα“).

68 2693 201 2773 Pristinus
223 2706 400 2772 litterarum
427 2705 505 2772 ordo
534 2713 679 2775 servatus
709 2713 757 2772 cst
785 2706 817 2770 in
847 2705 954 2771 arium
987 2705 1171 2770 nominibus

10 2805 16 2846 ²
68 2800 182 2883 ῖέρκαξ,
213 2803 352 2888 κερκάς,
383 2809 525 2888 κερκίων
550 2804 730 2889 (Hesych.)‚
754 2811 785 2871 et
806 2804 840 2868 in
870 2806 1000 2888 κερκίς,
1029 2800 1171 2886 κερκίζα)

10 2904 14 2923 ⁵
67 2890 119 2959 iim·
158 2900 293 2967 Accedit
313 2900 498 2986 κερκαλύρα
527 2903 734 2982 vocabulum,
765 2921 827 2983 quo
849 2901 985 2966 Alcman
1007 2919 1083 2966 usus
1107 2908 1171 2983 est;

65 2994 213 3064 γ·»Ζοααα.
247 3001 328 3064 1190
357 2999 478 3083 (Bergk
500 2999 580 3083 lyr.³
608 3020 639 3082 p.
664 3001 753 3076 868):
788 2994 972 3081 κερκαλύρα
1007 2992 1080 3062 ἀντὶ
1112 2997 1171 3062 τοῦ

65 3094 246 3180 κρεκαλύρα,
282 3092 421 3183 signatas}
457 3093 549 3180 λα’ρα.
581 3094 686 3176 Quod
718 3096 745 3161 si
779 3101 864 3159 recte
901 3093 946 3159 sic
983 3093 1171 3177 explicatur,

62 3193 235 3258 sumendum
261 3199 309 3258 θεῖ
337 3193 549 3276 antiquiorem
578 3193 668 3259 verbi
697 3192 831 3257 iormam
858 3189 1017 3276 *κέρκειν
1052 3189 1172 3260 diutius

61 3310 334 3340 N..—

118 3391 146 3458 ⁴⁰)
164 3394 286 3463 Cognata
296 3399 360 3449 sunt
370 3410 422 3450 scr.
432 3392 552 3458 Irarlcati,
570 3409 609 3462 gr.
620 3391 720 3463 κράζω,
733 3389 829 3452 xiiiio,
842 3388 964 3449 κλώσσω,
977 3388 1024 3442 lat.
1035 3389 1173 3460 clarrpere,

57 3470 146 3540 ⁶²¹0cio,
162 3475 201 3530 iit.
220 3473 304 3546 diepa
323 3478 390 3542 cet,
415 3489 484 3544 quae
501 3473 614 3528 Fickius
631 3490 663 3542 p.
683 3477 716 3525 48
741 3471 840 3525 attulit.
886 3468 938 3524 Sed
962 3469 1081 3537 quamvis
1105 3469 1172 3523 haec

57 3548 136 3607 omnia
152 3555 266 3609 sonandi
281 3554 364 3609 rerba
382 3555 449 3622 sint,
467 3555 511 3608 vix
528 3559 602 3609 recte
619 3552 731 3607 'Fickius
749 3565 781 3605 ea
799 3550 833 3604 ad
850 3565 931 3604 unam
949 3547 1114 3617 eandemque
1131 3548 1172 3602 in·

54 3611 108 3701 f¹⁰d
126 3636 180 3690 rad.
200 3633 380 3690 iord-drot
398 3634 541 3708 revocavit.
568 3634 639 3688 Nam
653 3631 862 3700 significationes
880 3629 1045 3696 singulorum
1063 3628 1172 3683 nimium

52 3702 118 3762 mter
135 3730 162 3770 se
179 3714 314 3769 differunt.

117 3792 148 3861 ⁴¹)
166 3795 286 3850 sonandi
303 3795 377 3850 notio
395 3811 449 3849 non
467 3795 554 3850 solum
571 3794 600 3848 in
617 3792 706 3847 avium
724 3791 874 3846 nominibus
891 3788 1018 3858 primaria
1035 3788 1100 3853 fuit,
1125 3789 1173 3845 sed

48 3863 79 3906 ‘⁰
99 3882 202 3944 quoque
220 3876 365 3945 perspicua
382 3880 438 3942 est,
463 3874 536 3945 quod
554 3875 658 3944 κρέκειν
676 3866 769 3930 αὐλόν,
790 3865 892 3922 δόνακα
911 3869 969 3925 sim.
988 3867 1129 3937 dicuntum
1147 3885 1171 3923 v.

46 3929 184 4026 Aristoph.
203 3973 244 4012 av.
264 3961 314 4012 682
333 3958 367 4012 al.
385 3957 412 4011 11.

96 4031 232 4091 Curtius,
247 4042 341 4085 Studien
356 4041 381 4084 V.
939 4038 969 4086 10
