2828 4776
666 331 766 385 Erman

343 642 371 712 i.
396 644 422 702 5.
468 639 526 704 DE
549 638 738 704 LITTERA
763 662 779 702 ν
802 636 1091 707 PARAGOGIOA.

237 791 276 855 Iu
303 789 461 856 maximos
490 809 613 857 errores
642 811 753 858 omnes
781 791 848 858 fero
877 793 937 857 viri
960 792 1062 874 docti,
1093 792 1147 875 qui
1174 791 1263 857 adhuc

153 888 194 956 de
208 888 312 954 ionico
334 887 460 953 litterae
481 913 498 952 ν
514 889 727 972 paragogicae
742 909 801 954 usu
815 889 966 955 iudicium
980 890 1136 972 fecerunt,
1158 889 1264 954 inducti

152 993 236 1069 sunt,
260 1005 331 1051 oum
353 985 440 1051 illius
462 985 542 1052 fines
564 1005 604 1052 ex
626 986 705 1052 solis
726 987 816 1052 libris
835 1007 933 1053 manu
954 987 1082 1071 scriptis
1095 987 1264 1070 grammati·

152 1102 322 1165 corumque
355 1083 547 1150 testimoniis
585 1083 710 1149 deliniri
741 1103 836 1168 posse
870 1083 1047 1164 crederent.
1112 1085 1216 1151 Unum
1243 1085 1264 1150 si

151 1181 293 1265 excipias
315 1181 500 1248 Renuerum
523 1182 556 1256 (l.
572 1182 593 1246 l.
609 1202 640 1265 p.
661 1184 732 1259 157)
756 1201 867 1247 omues
888 1202 954 1247 non
975 1181 1142 1249 Herodoto
1164 1183 1263 1263 solum,

149 1278 208 1345 sed
235 1283 407 1345 universae
435 1279 603 1345 recentiori
633 1278 705 1343 Iadi
739 1299 831 1344 usum
859 1278 946 1344 illius
974 1303 992 1343 ν
1025 1280 1265 1363 denegaverunt.

150 1375 240 1455 Quae
269 1376 376 1460 opinio
413 1396 508 1459 quam
535 1375 669 1442 infirmis
698 1377 894 1459 argumentis
922 1377 1057 1459 nitatur,
1087 1380 1146 1444 vix
1177 1378 1265 1444 credi-

149 1475 215 1540 bile
237 1480 295 1540 est.

235 1572 305 1636 Iam
320 1573 362 1637 ab
384 1571 476 1637 initio
491 1569 651 1636 Bredovio
673 1571 860 1653 ceterisque,
883 1572 937 1654 qui
959 1572 1166 1639 emendando
1180 1574 1266 1641 Herc

150 1668 225 1734 doto
249 1688 379 1750 operam
402 1668 569 1749 dederunt,
593 1667 875 1735 contradicendum
898 1675 955 1752 est,
979 1669 1032 1751 qui
1055 1678 1180 1754 putant,
1202 1673 1266 1739 scri·

149 1772 273 1849 ptorem
295 1766 435 1848 aliquem
456 1765 596 1831 litteram
617 1765 709 1831 illam
730 1773 787 1831 aut
807 1767 925 1849 ubique
946 1773 1002 1832 aut
1029 1788 1196 1851 nunquam
1216 1769 1267 1834 ad·

148 1864 301 1945 hinnisse,
328 1883 399 1928 oum
422 1870 532 1929 contra
554 1883 611 1946 per
632 1869 732 1928 totam
754 1863 898 1946 linguam
919 1883 1070 1946 graecam
1092 1886 1170 1933 usus
1190 1868 1266 1932 illius

148 1961 299 2028 elementi
327 1961 369 2026 ab
397 1960 488 2026 initio
515 1961 837 2041 inconstantissimos,
867 1969 980 2044 postea
1007 1968 1135 2028 tantum
1157 1965 1265 2048 regulis

147 2059 279 2125 facticiis
306 2065 467 2123 coartatus
496 2057 545 2123 sit.
591 2057 670 2123 Cum
699 2059 795 2141 igitur
816 2058 987 2140 Herodoti,
1016 2065 1052 2124 ut
1080 2061 1264 2144 reliquorum

146 2157 335 2239 scriptorum
363 2174 551 2237 graecorum
580 2156 721 2220 omnium
744 2155 869 2221 codices
891 2155 985 2221 modo
1015 2157 1098 2221 illud
1127 2182 1146 2221 ν
1168 2159 1264 2240 negle-

145 2262 239 2336 gant,
262 2253 358 2319 modo
381 2253 567 2334 adhibeant,
590 2254 660 2318 sola
681 2253 836 2318 exsistere
857 2259 963 2336 potest
984 2256 1149 2337 quaestio,
1171 2263 1263 2320 utrum

146 2357 235 2417 certa
263 2351 344 2416 ratio
373 2351 407 2415 in
437 2351 505 2416 eius
533 2370 592 2415 usu
620 2351 768 2432 cognosci
797 2350 900 2434 possit
926 2369 1037 2417 neone.
1089 2351 1261 2431 Quodnisi

145 2447 213 2515 ficri
236 2455 351 2532 potest,
378 2449 447 2514 sola
469 2446 634 2530 sequenda
656 2454 704 2513 est
726 2446 871 2513 codicum
893 2449 1075 2514 auctoritas.
1121 2451 1262 2515 Attamen

144 2545 200 2609 vix
222 2544 401 2611 Bredovius
423 2545 645 2627 constantiam,
669 2565 764 2628 quam
786 2545 820 2609 in
843 2545 1009 2628 permultis
1032 2548 1263 2628 quaestionibus

146 2641 265 2723 optimo
294 2642 363 2708 iure
391 2641 554 2708 Herodoto
586 2641 745 2724 vindicat,
779 2641 888 2709 invitis
917 2642 1081 2710 codicibus
1115 2645 1152 2710 in
1179 2644 1261 2709 huius

145 2758 271 2821 quoque
291 2739 419 2805 litterae
439 2760 513 2821 usu,
537 2739 626 2805 ouius
648 2746 763 2805 natura
783 2740 856 2823 ipsa
878 2747 927 2806 est
946 2740 1182 2824 inconstantia,
1203 2761 1262 2826 per-

144 2835 234 2917 sequi
250 2844 383 2903 oonatus
399 2843 492 2917 essct,
516 2835 577 2902 nisi
601 2837 682 2901 mira
704 2837 892 2903 constrictus
907 2837 1019 2904 fuisset
1033 2841 1261 2922 superstitione,

145 2933 327 3013 „vocalium
350 2953 537 2999 concursum
560 2933 684 3000 ionicae
707 2936 860 3001 orationis
881 2935 1043 3019 proprium
1067 2937 1173 3003 esse“.

229 3033 312 3096 Tum
335 3038 440 3096 autem
463 3031 552 3096 inani
574 3032 706 3096 Maximi
721 3031 877 3097 Planudis
899 3031 1083 3098 testimonio
1106 3053 1195 3100 error
1213 3035 1261 3100 ille

143 3127 288 3210 debetur,
313 3129 399 3211 quod
420 3129 537 3210 legitur
552 3129 586 3193 in
602 3129 628 3193 I.
644 3129 788 3195 Bekkeri
811 3128 987 3200 Aneodotis
1003 3130 1138 3198 Graecis
1154 3132 1259 3207 (Berol.

146 3229 224 3292 1821
249 3226 313 3291 vol.
336 3227 396 3308 III,
421 3247 451 3309 p.
479 3228 582 3303 1400).
627 3226 660 3292 Is
682 3228 852 3310 postquam
880 3224 1068 3309 affirmavit,
1090 3229 1214 3296 Atticos
1233 3231 1260 3294 in

141 3343 238 3407 prosa
261 3323 405 3389 oratione
427 3343 583 3407 semper
611 3322 694 3388 illud
716 3349 733 3388 ν
755 3323 857 3389 tertiis
879 3325 1025 3407 personis
1046 3325 1219 3408 singularis
1235 3331 1261 3392 et

142 3421 277 3504 pluralis
291 3421 470 3503 verborum,
494 3420 676 3503 dativisque
696 3420 832 3504 pluralis
854 3421 1094 3505 participiorum
1117 3429 1152 3488 et
1172 3423 1260 3489 nomi·

141 3541 218 3584 num
241 3518 422 3601 addidisse,
451 3517 498 3583 ita
524 3518 644 3601 pergit:
681 3514 787 3602 „rrcp'
811 3514 902 3583 Ἴωσι
923 3515 1002 3601 γάρ,
1025 3514 1074 3595 ὡς
1103 3517 1259 3608 ἐχρήσατο

137 3613 305 3698 Ἡσίὸὄος,
326 3616 402 3698 δίχα
417 3621 477 3681 τοῦ
493 3640 510 3679 ν
525 3621 629 3681 ταῦτα
644 3615 888 3702 προφέρεται.“
917 3614 1007 3693 Quae
1022 3616 1142 3699 opinio,
1159 3619 1259 3684 etiam·

141 3713 166 3779 si
190 3714 390 3799 probabilem
413 3713 564 3779 Bredovii
587 3714 814 3796 coniecturam,
853 3713 906 3795 qui
938 3713 1072 3779 Hesiodi
1094 3734 1211 3782 nomen
1230 3715 1257 3777 in

138 3805 319 3895 Ἡρόδοτος
340 3818 451 3894 mutat,
475 3810 676 3894 adoptamus,
699 3811 886 3893 longissime
908 3829 1019 3876 avaro
1041 3811 1145 3878 abest.
1188 3811 1257 3877 Atti-

141 3927 210 3972 cam
239 3909 323 3975 enim
353 3908 522 3976 dialectum
550 3927 753 3992 nequaquam
782 3915 965 3974 constanter
992 3933 1009 3972 ν
1038 3909 1255 3993 paragogicum
