2828 4776
239 277 299 340 162
598 270 600 275 ’
714 278 893 349 Siegismund·

236 451 380 536 Boppius
402 449 536 538 ἑ-ορ-ιή
558 451 642 533 (uum
658 474 675 516 ε
689 450 867 535 prothetioo
888 470 947 534 pro
970 455 1099 536 *νορτη
1123 485 1165 496 -—
1188 446 1410 536 *t-eoooy]

236 550 367 616 rettulit.
400 549 491 616 Aeol.
505 547 615 633 ἕρονις
629 554 699 632 (pro
715 546 936 632 *ἔ-νρο-ιι-ς)
950 548 1153 615 metathesim
1168 568 1297 633 passum
1313 559 1410 615 esi

236 653 271 712 ut
292 667 338 730 gr.
361 650 494 730 βρέτας,
517 667 576 712 sor.
598 655 735 709 orote-m
743 646 786 721 ⁵⁶).
831 646 869 711 In
892 647 1046 731 Hesychii
1071 647 1198 728 glossa:
1227 643 1368 731 ἔροτήν
1394 674 1410 691 ·

147 732 153 740 ’
237 741 356 831 ἑορτήν
378 743 514 811 fortasse
537 743 647 829 ἐ’ροιιν
670 744 892 826 corrigendum
915 750 972 809 est.

279 890 283 896 A
322 844 372 906 53.
397 839 520 927 ῥατάνη
545 841 671 906 trulla
693 862 750 924 pro
766 839 967 928 *spot-dvo,
990 836 1179 926 *ι-αρτ-άνη
1199 839 1400 906 deseendit

236 957 257 1003 a
278 937 346 1003 rud.
369 947 441 1001 oort
456 939 500 1013 (in
524 939 579 1003 lat.
595 943 731 1013 vertere)
747 960 777 1002 v.
802 938 887 1004 Ourt.
902 938 924 1001 l.
941 940 963 1003 l.
1006 939 1033 1002 E
1055 937 1133 1003 dial.
1155 938 1395 1022 aeuuflesy-

236 1036 326 1102 obius
347 1034 481 1100 tradidit
502 1033 687 1119 βρατάναν·
710 1033 852 1122 τορύνην
872 1031 999 1100 Ἠλεῖοι
1021 1034 1072 1108 (of.
1096 1035 1173 1101 Ahr.
1199 1039 1286 1111 216).

321 1138 372 1198 54.
396 1132 481 1217 ῥέζω
508 1153 568 1216 pro
601 1133 767 1217 *fpsy-jw
789 1169 832 1180 -
854 1133 1017 1217 *πορν-ραι
1045 1151 1064 1198 o
1093 1132 1164 1199 rad.
1187 1155 1271 1218 5er
1300 1153 1388 1197 uon

236 1231 342 1296 minus
378 1250 473 1312 quam
510 1227 624 1313 ἔργον,
662 1228 750 1314 ἔρδω
783 1233 826 1297 al.
857 1232 1027 1296 formatum
1059 1249 1131 1296 esse
1158 1230 1226 1295 iam
1248 1231 1322 1308 in§
1362 1235 1379 1292 1

236 1328 564 1393 commemoravimus.

324 1431 374 1490 55.
398 1422 517 1510 ῥαιβός
545 1430 580 1488 ut
607 1423 786 1506 signifioatu
814 1426 862 1491 ita
889 1425 1013 1508 origine
1041 1424 1193 1489 convenit
1216 1444 1287 1490 oum
1308 1426 1380 1489 lat.

218 1524 345 1606 'volpes
379 1527 410 1587 ot
441 1521 587 1604 proxime
618 1522 743 1588 aooodit
771 1523 816 1588 ad
837 1543 895 1589 sor.
919 1519 1085 1604 opp-unua
1107 1526 1140 1587 ot
1161 1529 1226 1605 got.
1250 1524 1376 1606 vraiqo,

237 1641 268 1687 ν.
298 1618 516 1686 Auireohtium
540 1618 606 1684 KZ.
629 1620 705 1698 XII,
729 1626 801 1687 400.
846 1622 873 1685 Ε
903 1619 972 1685 rad.
1001 1618 1110 1702 indog.
1139 1640 1219 1702 oorp
1249 1615 1378 1706 ῥαιβός

237 1719 299 1783 has
319 1716 492 1781 formarum
513 1716 596 1782 serie
609 1716 737 1783 videtur
751 1717 923 1801 prodiisse:
945 1715 1144 1802 *ναργ-Ῑος
1165 1715 1377 1802 ἦραν-ρας

233 1813 429 1900 *roomo-g,
452 1818 633 1896 *νραιβος
647 1850 690 1860 -
704 1815 787 1879 utin
801 1815 863 1880 hoo
883 1834 947 1879 uno
969 1814 1127 1880 voeabqu
1151 1816 1373 1891 metathesim,

235 1912 449 1997 epembasim,
472 1912 690 1978 labiaiismum
713 1912 816 1978 coisse
838 1911 1044 1979 statuendum
1068 1913 1118 1977 sit.

324 2013 375 2074 56.
399 2006 580 2095 ῥάόαμνος,
593 2006 771 2094 ῥόδαμνος,
787 2007 886 2095 ῥάόιξ
900 2031 1046 2093 ramum
1062 2010 1269 2092 sursulus,
1285 2007 1365 2075 aeol.

237 2103 399 2191 βραόινός
421 2126 618 2190 procerus
640 2109 683 2172 al.
706 2111 747 2185 (v.
765 2106 850 2172 Ourt.
867 2111 941 2185 328)
963 2107 1007 2173 ad
1028 2107 1170 2174 radioem
1188 2108 1272 2171 oord
1291 2116 1362 2177 (nou

237 2204 340 2282 arod),
363 2223 445 2286 quae
461 2211 510 2270 est
524 2225 581 2288 pro
596 2204 697 2268 oardt
713 2223 897 2271 erescere
913 2209 958 2282 (ut
970 2206 1073 2269 stood
1087 2226 1146 2289 pro
1160 2203 1281 2267 standi
1291 2207 1358 2278 eet,

237 2323 268 2367 v.
291 2300 439 2367 Oorsson.
462 2304 500 2367 12
519 2307 610 2383 403),
637 2302 789 2383 redeunt,
819 2321 900 2384 quae
923 2303 1016 2368 radix
1037 2303 1179 2368 maximo
1200 2302 1359 2386 perspicua

239 2398 344 2464 estin
366 2398 474 2463 theod.
497 2421 586 2461 wora
607 2401 650 2465 al.
671 2435 710 2444 -
730 2393 851 2477 Ῥοόόν,
874 2401 956 2466 asol.
979 2398 1104 2484 βροδόν
1127 2420 1194 2465 non
1216 2400 1278 2464 hue
1295 2416 1354 2482 por-

238 2496 333 2576 tinet,
372 2494 430 2561 sed
462 2497 666 2581 peregrinum
699 2503 748 2562 est
780 2498 970 2563 vocabulum
999 2517 1039 2564 ex
1062 2498 1142 2563 Asia
1162 2497 1207 2562 ad
1229 2497 1352 2563 oraoos

238 2594 438 2658 translatum.
477 2593 514 2658 V.
537 2595 676 2659 Pottium
700 2587 751 2658 11²
773 2596 845 2658 817.

326 2696 376 2756 57.
400 2691 516 2778 ῥοφέω
537 2713 596 2776 pro
618 2690 782 2778 *σροφεω
804 2728 846 2738 -
868 2690 1033 2778 *οορφεω
1060 2690 1286 2758 eonferendum
1309 2688 1347 2752 ost

239 2807 310 2854 oum
333 2789 389 2854 lat.
413 2789 534 2866 sorbeo,
558 2790 604 2854 lit.
627 2788 745 2872 sorbjo,
768 2788 877 2874 srebjzi
899 2791 940 2855 al.
963 2810 994 2854 v.
1017 2788 1103 2854 Gurt.
1125 2810 1158 2873 p.
1183 2792 1256 2854 277.

309 3071 340 3135 ⁵⁶1
359 3069 388 3124 Si
415 3069 474 3137 quis
502 3069 662 3136 coniecerit,
694 3085 757 3125 oum
782 3070 880 3137 βρέτας
912 3072 941 3124 st
973 3084 1024 3124 scr.
1056 3075 1163 3124 oratam
1196 3075 1251 3125 tam
1279 3072 1338 3136 propt

238 3151 310 3204 inter
336 3166 365 3205 se
393 3150 563 3219 contingant,
590 3150 618 3203 in
640 3148 800 3220 quibusdam
826 3148 920 3204 formis
944 3164 960 3204 s
982 3149 1039 3204 rad.
1058 3165 1108 3204 oar
1126 3150 1215 3205 ductis
1232 3151 1282 3204 iam
1295 3143 1337 3199 aut

237 3230 493 3299 Indogermanorum
510 3230 660 3285 discessum
675 3229 804 3300 liquidam
821 3229 1005 3298 praepositam
1021 3229 1121 3298 fuisse,
1145 3229 1298 3301 moneudum
1311 3222 1340 3275 oi

239 3311 292 3366 duo
310 3310 357 3365 illa
375 3311 508 3366 voeabula
527 3315 555 3364 et
571 3310 658 3366 forma
675 3316 703 3364 et
720 3327 772 3365 usu
789 3309 895 3364 diversa
913 3325 980 3377 esse,
999 3326 1083 3378 quare
1100 3311 1146 3365 hie
1161 3321 1266 3380 'quoque
1277 3305 1339 3389 mett]

237 3391 337 3444 thesim
363 3391 421 3445 iure
449 3390 561 3460 singulis
586 3391 682 3460 linguis
706 3394 734 3445 et
761 3389 926 3446 Graecorum
951 3396 978 3445 et
1003 3390 1133 3446 Indorum
1156 3391 1271 3447 tribuere
1292 3380 1341 3439 mu

238 3471 338 3527 videor.
