2828 4776
74 359 126 414 ·De
143 373 273 415 sonorum
290 359 488 426 affectionibus,
506 375 576 430 quae
593 362 782 432 percipiuntur
798 364 827 418 in
845 363 908 419 dial.
927 367 1088 425 neolourica.
1124 365 1186 427 363

55 538 132 598 sunt
155 553 202 612 υχ,
225 552 275 612 ιχ,
299 532 347 613 rs,
371 554 424 617 νχ,
447 536 500 614 ιθ,
524 532 732 616 effioereutur,
755 537 909 620 aspiratio
932 538 1038 622 potius
1060 540 1185 607 abieota

55 649 128 696 esse
151 627 288 694 videtur.
334 628 534 712 Quamquam
555 649 660 714 pauua
682 634 832 716 exempla
853 641 990 717 restant,
1014 636 1048 702 in
1071 638 1185 720 quibus

54 731 179 794 uertam
202 727 364 809 quandam
386 747 532 810 oausam,
561 733 692 813 propter
721 749 815 811 quam
845 733 1033 815 explosivae
1061 743 1186 803 veteres

55 831 297 908 conserventur,
319 824 476 908 indagare
497 845 564 890 non
585 846 725 910 possum.

587 1083 659 1155 §ii

246 1212 299 1277 De
320 1211 530 1297 riopulorr'bus
552 1215 731 1299 quibusdum
754 1219 839 1279 soors
860 1219 998 1283 noviciis.

141 1402 210 1466 Iam
240 1420 353 1482 supra,
384 1418 454 1464 oum
484 1399 524 1466 de
553 1401 919 1486 labialismoffldiximus,
948 1405 1126 1470 irioativam
1155 1427 1182 1479 o,

54 1520 124 1565 oum
150 1498 192 1563 de
215 1496 423 1576 dentalismo,
454 1497 635 1562 fricativam
651 1498 676 1580 J'
694 1499 917 1566 intercalatam
939 1521 1010 1567 esse
1036 1502 1183 1568 vidimus.

54 1600 170 1664 Restat
198 1602 232 1660 ut
261 1613 364 1678 panea
391 1593 512 1658 addam
541 1595 706 1679 exempla,
735 1597 789 1662 ubi
810 1597 835 1682 J'
854 1599 1083 1683 posterioribus
1105 1608 1183 1666 tem·

53 1697 187 1781 poribus
217 1691 400 1758 accreverit.
444 1693 612 1757 Aooedunt
641 1691 760 1759 deiude
789 1696 860 1760 soni
888 1697 945 1762 alii
970 1696 1183 1780 irrationales,

54 1795 145 1862 velut
168 1793 203 1875 λ,
228 1819 262 1876 ρ,
293 1800 363 1858 ret
384 1813 404 1855 u
428 1795 469 1867 (u)
496 1789 565 1856 sive
587 1789 623 1871 ri,
655 1789 709 1871 qui
738 1811 808 1856 uum
838 1813 950 1860 omnes
976 1800 1091 1859 natura
1120 1793 1185 1860 sint

54 1891 250 1973 levissimae,
283 1891 367 1956 inter
389 1888 470 1953 alios
492 1906 588 1952 sonos
610 1885 698 1951 haud
720 1908 793 1955 raro
814 1890 944 1956 fortuito
966 1898 1183 1974 procreantur.

140 1991 172 2063 a)
211 1992 232 2066 J'
257 1986 419 2053 interdum
453 1984 488 2047 in
524 1982 662 2048 dialeoto
691 1984 809 2052 looriua
843 1995 949 2054 exstat
977 2009 1035 2071 pro
1070 1987 1183 2071 spiritu

54 2105 171 2169 aspero
194 2086 247 2150 vel
269 2085 345 2151 leni.
390 2084 478 2149 Haeo
501 2100 697 2164 consonans,
728 2084 783 2148 ubi
806 2084 911 2169 asperi
938 2085 1008 2152 vioe
1029 2085 1184 2168 iungitur,

53 2183 152 2249 etiam
174 2202 233 2266 per
254 2183 462 2248 mutationem
486 2197 678 2261 organorum
702 2182 863 2248 exstitisse
885 2181 948 2247 diui
969 2188 1084 2267 potest,
1111 2203 1182 2248 oum

51 2279 239 2347 articuletur
267 2281 429 2364 ita,uts
358 2274 543 2363 uspiritus
564 2295 622 2359 per
644 2276 812 2362 laryugem
843 2278 973 2361 quidem
1002 2284 1034 2345 et
1056 2299 1092 2343 os
1112 2279 1183 2345 sine

52 2379 121 2443 uilo
145 2377 311 2443 obstaoulo
334 2376 463 2458 feratur,
487 2375 545 2442 sed
568 2378 713 2460 palatum
735 2376 898 2443 levitert
864 2396 884 2441 a
885 2376 1012 2459 ttingat.
990 2376 1126 2442 ttA
1083 2382 1182 2442 tram

51 2475 197 2560 pristinis
219 2474 447 2588 temporibus
438 2495 472 2538 m
487 2473 599 2556 lingua
613 2493 729 2557 graeca
744 2474 874 2559 spiritus
896 2473 1086 2581 saepissime
1099 2473 1183 2539 inter

52 2593 88 2640 se
119 2580 278 2638 commuta
258 2573 303 2638 ati
333 2579 406 2638 sunt
436 2571 486 2649 (oi
521 2571 607 2638 Gurt.
629 2572 677 2636 Ei.
701 2573 752 2636 Et.
730 2578 813 2656 tp
837 2575 921 2646 636).
964 2557 1078 2653 Itaque
1110 2589 1181 2635 uum

52 2669 183 2755 spiritus
205 2690 301 2754 asper
319 2671 385 2736 iam
408 2677 476 2735 tum
497 2669 546 2734 int
533 2669 658 2735 terdum
682 2669 857 2751 evanuerit,
880 2690 942 2780 pro
961 2674 1048 2735 uerto
1069 2667 1182 2734 haberi

51 2789 120 2833 non
141 2773 264 2852 potest,
290 2766 315 2851 J
341 2767 452 2834 bisin
475 2767 633 2850 exemplis
654 2785 769 2833 revera
789 2766 892 2832 vicem
915 2765 984 2832 eius
1006 2771 1181 2849 praestare.

52 2865 168 2949 Itaque
195 2864 283 2930 haud
314 2865 380 2931 seio
409 2885 453 2929 an
481 2853 526 2930 ibi
549 2885 675 2948 quoque
690 2865 714 2948 J'
733 2863 929 2930 irrationalis
950 2861 1109 2930 sumenda
1130 2862 1181 2928 sit.
1260 2900 1262 2906 ·

52 2962 191 3047 Spiritus
211 2962 311 3045 lenis,
334 2963 367 3027 iu
391 2982 453 3045 quo
474 2969 624 3027 naturam
647 2962 718 3027 soni
740 2962 862 3044 inesse,
888 2960 1035 3043 quamvis
1056 2958 1182 3024 infirma

48 3061 108 3143 sit,
136 3059 250 3142 negari
273 3059 383 3141 nequit
412 3059 463 3139 (of.
488 3058 573 3124 Ourt.
597 3060 648 3123 El.
671 3060 722 3123 ut.
745 3079 777 3141 p.
800 3064 840 3122 45
866 3058 999 3138 adnot),
1028 3057 1125 3121 etiam
1146 3057 1181 3121 in

50 3157 173 3240 linguis
195 3157 325 3223 slavieis
346 3157 380 3220 in
396 3155 420 3241 J'
439 3155 563 3221 transit.
609 3154 778 3220 Transitus
804 3161 912 3219 autem
935 3154 992 3218 ille
1019 3174 1084 3218 non
1113 3159 1181 3218 tam

49 3255 141 3321 valet
163 3255 205 3319 ad
228 3275 341 3320 sonum
364 3251 625 3337 amplificandum
649 3260 681 3317 et
702 3251 896 3334 augendum,
919 3270 1015 3333 quam
1037 3249 1080 3315 ad
1097 3250 1181 3315 soui-

49 3359 118 3418 tum
140 3352 264 3435 leuem,
295 3352 349 3434 qui
374 3357 501 3433 gutture
529 3349 705 3434 aperiendo
729 3348 832 3415 exurit
819 3354 885 3430 tur,
908 3347 1075 3440 oommpde
1097 3367 1180 3413 oom-

47 3450 271 3535 pensandum.

130 3547 221 3631 Jeme
242 3566 301 3630 pro
324 3541 417 3629 αἷμα,
434 3544 529 3628 ]”ἰ1ιο.ι
542 3565 600 3629 pro
617 3541 722 3632 ἣλιος,
738 3566 758 3626 J
756 3542 846 3627 'i'dJos
868 3562 926 3626 pro
940 3539 1079 3621 ἰ’ὄιος,’
1055 3541 1180 3625 Je'rmos

50 3666 110 3730 pro
135 3643 270 3731 ἕρημος,
286 3642 357 3726 J'e'la
378 3663 437 3726 pro
460 3640 519 3708 ἔλα
543 3647 595 3719 (ex
618 3639 768 3722 ἐλαύνω),
784 3639 870 3724 Jsrte
890 3660 948 3723 pro
967 3626 1063 3724 ἦλθε,
1079 3637 1180 3723 Jrilros

49 3764 110 3827 pro
127 3736 222 3818 οἶκος
238 3740 373 3816 (Theod.
386 3738 485 3820 Kind,
502 3740 697 3822 Autbolog..)
742 3737 902 3804 Chasiotis
923 3756 964 3802 ex
985 3735 1181 3802 carminibus

50 3838 214 3924 epiroticis
245 3838 337 3904 affert
352 3838 498 3916 Jerourus
519 3857 577 3921 pro
601 3835 728 3921 ἔρωτας
758 3833 877 3920 (ερως),
899 3834 970 3919 Jiut
996 3854 1114 3919 prou
1083 3831 1178 3918 ἰνίον,

45 3937 134 4022 J‘btos
155 3956 214 4021 pro
238 3933 324 4019 ἐ’τος,
340 3934 477 4019 J'uuicizo
493 3966 535 3986 =
551 3929 667 4016 ἆνιάω,
682 3932 842 4018 ]ἰόιιιόιιο.ι
862 3965 904 3985 --
917 3930 1059 4014 imperor
1082 3928 1180 4012 (ἷόω).

920 4032 974 4086 ἳ4*
