2828 4776
144 336 203 403 142
625 341 793 410 Siegiemund

227 512 297 579 Hoo
318 520 426 580 autern
447 513 525 579 mihi
548 517 672 579 oonatat
693 513 834 579 maxime
854 513 889 578 in
911 511 1052 596 antiquis
1073 511 1184 579 formis
1196 532 1262 579 nuu-

142 629 238 692 quam
259 609 420 679 incautius
441 612 502 676 hoo
520 611 706 677 metathesin
720 630 822 694 genus
837 609 1043 677 statuendum
1059 629 1142 692 eoae,
1163 615 1262 676 tam

141 708 184 775 ab
204 708 309 774 altera
330 715 422 792 parte
443 702 633 790 carendum,¹
657 729 699 776 ue
720 709 853 774 nimium
875 727 1041 790 negemus,
1064 707 1213 791 quoniam
1230 708 1262 773 iu

142 804 261 871 talibus
289 806 385 872 rebus
412 805 462 888 fit,
496 813 531 872 ut
551 806 683 890 liuguae
704 826 809 890 pauca
828 805 1067 888 tantummodo,
1102 825 1143 872 ea
1163 811 1262 872 auten

142 907 230 972 oerta
251 904 402 988 exempla
423 904 611 987 praebeant.

227 1000 267 1067 Id
288 1001 321 1066 in
344 1002 487 1084 linguam
509 1003 644 1067 latinam
667 1000 763 1079 eadit,
790 1021 808 1067 e
830 1022 895 1084 qua
916 1009 1044 1086 praeter
1067 1002 1187 1072 tertius,
1209 1010 1262 1072 te·²

142 1099 239 1169 tomi,
270 1119 352 1181 quae
373 1098 509 1166 fortasse
530 1101 593 1165 hue
614 1100 792 1183 pertinent,
816 1101 897 1166 haee
918 1105 1041 1165 tantum
1064 1099 1099 1165 in
1121 1104 1262 1182 promptu

141 1197 301 1274 habeo³⁴a
690 1209 694 1216 ·

226 1295 339 1358 Pulmo
362 1326 403 1347 ι·
425 1315 472 1377 gr.
494 1292 652 1376 πνεύμων
675 1330 718 1340 -
740 1292 915 1376 πλεύμων,
948 1295 986 1361 ei.
1016 1294 1128 1361 theod.
1146 1293 1262 1378 firekua

141 1395 265 1460 olovon.
282 1389 383 1470 piata·
406 1398 465 1456 oet
489 1390 574 1456 Curt.
596 1392 646 1457 Et.
669 1414 701 1477 p.
725 1394 796 1459 262.
820 1393 887 1457 KZ.
910 1393 1004 1474 XIII,
1028 1396 1108 1476 3693

227 1487 473 1566 burekmillabaa,
496 1510 526 1553 v.
550 1489 690 1555 Sehmitz
712 1491 791 1556 Mue-
815 1491 919 1556 Rhen.
943 1490 1067 1573 XVIII,
1094 1493 1165 1554 147.

228 1589 278 1652 De
299 1586 372 1652 aliis
394 1587 551 1669 exemplis
579 1587 721 1654 dubitari
748 1596 863 1673 potest.
886 1623 929 1634 —
950 1589 1002 1653 Ex
1033 1589 1080 1655 eie
1114 1591 1164 1654 est
1195 1602 1262 1648 σανα

141 1684 343 1750 vocabulum.
387 1682 541 1763 Quamvis
564 1685 648 1750 enim
671 1684 704 1749 in
727 1687 876 1752 omnibus
897 1687 1006 1752 formis
1028 1684 1176 1769 eognatis
1200 1691 1262 1755 (eor

143 1780 301 1865 Ικνανρά-α,
336 1801 382 1864 gr.
405 1787 507 1867 κρέας
529 1788 589 1848 cet.
612 1803 642 1848 v.
666 1781 752 1848 Gurt.
779 1788 850 1855 147)
878 1806 897 1846 ν
924 1785 1070 1850 vooalem
1099 1779 1262 1848 antaeum

141 1901 201 1947 neo
223 1880 328 1946 minue
349 1880 383 1945 iu
406 1881 461 1945 lat.
485 1902 596 1952 ανααν,
627 1887 738 1947 tamen
759 1882 868 1947 neseio
890 1902 934 1947 an
954 1882 990 1948 in
1010 1882 1061 1948 his
1083 1878 1262 1946 metathem

141 1980 226 2045 faeta
248 1978 298 2051 eit,
323 1986 435 2044 eontra
455 1980 513 2044 lat.
536 1999 612 2042 euro
634 1978 666 2062 (e
681 1977 837 2043 *eornoo-
858 2000 889 2046 v.
903 1979 989 2046 Ourt.
1005 1980 1027 2044 l.
1041 1980 1078 2056 Ι.)
1100 1974 1262 2061 pristinum

140 2078 319 2144 litterarum
342 2076 487 2143 ordinem
509 2079 695 2144 servaverit.
717 2113 761 2124 -
786 2076 979 2142 Coroodillas
994 2109 1035 2128 =
1052 2072 1262 2160 κροκόδειλος

142 2182 184 2255 (ν.
214 2176 425 2242 Riteehelium
453 2196 485 2259 p.
509 2179 583 2253 536)
616 2175 753 2242 fortasse
784 2174 826 2241 ad
859 2172 1101 2260 *καρκόδειλας
1136 2173 1262 2238 formam

141 2274 353 2357 antiquiorem
387 2273 487 2355 redit,
520 2273 608 2339 unde
640 2271 855 2355 κερκύδειλας
887 2272 989 2338 forma
1015 2278 1057 2350 (v.
1079 2274 1118 2338 E.
1141 2272 1196 2352 Μ.,
1217 2267 1262 2335 ubi

140 2379 249 2438 tamen
283 2370 324 2436 de
356 2370 513 2454 scriptura
545 2391 610 2436 non
643 2374 779 2447 constat)
816 2371 909 2436 salvo
945 2371 1124 2436 litterarum
1161 2367 1262 2436 ordine

140 2468 283 2552 fluxerit3
305 2467 357 2532 oui
371 2466 515 2532 oouieme
530 2468 607 2534 lieet
621 2488 730 2552 neogr.
747 2465 997 2552 σκορκόδειλας,
1020 2489 1050 2533 v.
1066 2467 1262 2533 Protodieum

137 2563 265 2631 Ἰὄιωα
287 2589 316 2628 τ.
341 2588 436 2630 νεωτ.
455 2560 578 2652 Ἕλλην.
600 2563 756 2653 γλώσσης
770 2587 802 2650 p.
819 2567 858 2632 68
866 2568 911 2643 35).
948 2569 1072 2632 Tamen
1087 2565 1178 2648 origo
1194 2585 1262 2646 κρα-

141 2662 298 2739 attactos
328 2662 417 2727 voeie
449 2661 556 2728 adhue
589 2663 689 2729 dubia
723 2671 781 2730 est.
804 2700 846 2711 -
872 2666 1102 2727 Tarsumennum
1123 2693 1167 2714 =
1191 2663 1262 2724 Tro·

140 2735 1262 2845 mmafflfflammfflpmm

145 2859 295 2930 Ταννααν,
332 2863 503 2944 Τυρσηνοί
535 2866 594 2925 oet.
628 2880 686 2943 pro
719 2860 821 2927 forma
856 2861 1049 2945 primigenia
1084 2858 1200 2942 habet;
1229 2853 1262 2920 of.

142 2957 334 3023 Coresenum
367 2957 434 3022 KZ.
464 2956 524 3039 ΙΙΙ,
559 2961 621 3023 270
650 2977 720 3041 eqq.
742 2995 785 3004 -
807 2960 858 3024 De
890 2959 1006 3022 tardos
1040 2963 1078 3022 et
1112 2953 1262 3040 turpata

141 3054 306 3121 vocabulis
329 3056 367 3120 of.
390 3055 475 3120 infra
498 3057 517 3133 ξ
540 3059 569 3120 8.

225 3153 363 3235 Reliqua
396 3153 561 3237 exempla,
600 3170 682 3235 quae
707 3152 901 3219 Dietriohiue
935 3153 968 3217 in
1001 3149 1262 3217 commentatione

210 3372 243 3436 ³⁴)
263 3369 363 3426 Omitto
397 3370 577 3440 posteriorum
609 3358 761 3440 temporum
794 3370 912 3440 linguam
942 3371 1095 3438 vulgarem,
1124 3369 1161 3425 ad
1190 3376 1262 3436 quart

140 3449 275 3508 Fetorart
290 3466 340 3520 pro
358 3451 495 3507 Febroori
511 3451 639 3516 (Gorssen
654 3452 677 3515 I,
696 3455 756 3517 24))
774 3455 801 3504 et
817 3452 871 3506 alia
887 3451 1030 3520 pertinent.

210 3535 244 3598 ³⁵)
263 3530 452 3600 σκσρκόδειλας
468 3525 540 3588 εἶδος
558 3528 662 3600 σαύρας
679 3527 765 3588 οὕτως
788 3530 1025 3601 ἐπονομαζομένης
1046 3529 1077 3583 ἓν
1102 3528 1187 3598 Πάρῳ
1197 3523 1262 3578 διότι

141 3611 211 3664 κατὰ
228 3611 320 3665 πάντα
338 3611 460 3683 ὁμοιαζει
478 3612 513 3682 μὲ
531 3611 581 3665 τὸν
604 3611 785 3682 κροκόδειλον.
821 3611 874 3667 Sed
900 3613 958 3667 vice
984 3627 1063 3668 versa
1088 3612 1142 3666 hoc
1162 3606 1262 3665 nomin‘

140 3695 256 3763 primum
272 3696 376 3750 lacerta
394 3694 467 3750 dicta
483 3694 605 3759 videtur,
622 3693 686 3748 inde
706 3698 795 3748 autem
812 3709 910 3748 nomen
927 3694 1088 3748 translatum
1105 3692 1140 3747 ad
1156 3686 1262 3746 nemon

141 3774 308 3844 Aegyptiam.
337 3775 371 3829 V.
382 3774 475 3844 Steph.
491 3775 572 3828 Thes.
591 3791 611 3828 s.
626 3792 650 3828 u.
664 3778 691 3828 et
709 3773 742 3829 ci.
761 3774 912 3845 Benfeyum
929 3775 965 3839 11,
983 3778 1042 3840 286,
1061 3773 1108 3842 qui
1124 3776 1194 3826 reeta
1208 3765 1262 3854 sor:-

142 3861 215 3910 taeae
232 3859 375 3924 καρκῖνος,
406 3871 459 3910 eor.
486 3854 607 3919 tortora
633 3855 692 3911 eim.
719 3856 841 3910 contulit.
876 3854 974 3910 Nescio
993 3870 1029 3908 an
1053 3854 1173 3922 proxime
1194 3847 1262 3902 abur

142 3936 246 4004 κέρατα-ς
264 3936 374 3990 cauda
392 3940 416 4001 (e
433 3935 490 3990 rad.
508 3935 569 4002 kar,
587 3953 610 3990 v.
629 3937 703 3989 Curt.
726 3941 792 3998 150).
