2828 4776
151 339 213 406 206
628 344 797 414 Sieglsmund

150 519 275 584 litatem
297 515 419 580 vocalis
448 523 479 581 et
507 517 692 599 primarium
714 519 892 583 litterarum
915 517 1062 584 ordinem
1077 516 1205 584 diutius
1224 539 1264 585 re

151 617 253 681 tinere
288 614 400 699 potuit.
455 612 596 700 quro'g
634 634 675 681 ex
711 621 878 697 *panace
913 622 1017 682 ortum
1046 635 1119 682 esse
1149 617 1264 682 collatis

150 717 331 794 Μέν-τωρ,
355 712 410 775 lat.
440 721 686 795 com-mensam,
715 713 865 796 graecoit.
893 715 1023 796 pud-toa
1049 713 1095 779 ad
1127 719 1266 797 *poa-too

149 809 256 875 redire
287 809 392 891 gotico
421 807 549 886 aun-ds,
579 810 671 875 zend.
700 810 796 874 adala
824 811 897 876 ahis
925 815 967 890 (v.
990 811 1142 876 Fickium
1165 833 1197 894 p.
1219 814 1264 888 57)

150 906 324 972 verisimile
346 904 400 971 fit:
424 944 465 952 -
488 928 525 972 ac
548 908 646 973 simili
667 909 792 974 ratione
814 908 910 973 etiam
932 910 1005 975 aliis
1027 908 1196 992 informis,
1217 909 1264 973 ubi

149 1004 301 1088 loquendi
324 1004 519 1071 consuetudo
542 1006 645 1070 solam
666 1005 889 1071 secundariam
912 1006 1030 1072 radicis
1050 1007 1191 1073 formam
1206 1026 1266 1090 pro·

149 1101 255 1182 bavit,
285 1102 326 1166 ab
357 1103 479 1184 origine
507 1103 691 1186 primariam
719 1103 860 1169 radicem
889 1102 1068 1169 adhibitam
1090 1105 1191 1170 fuisse
1212 1111 1266 1169 sta·

148 1197 302 1265 tuendum
325 1199 393 1264 erit.

234 1298 303 1362 Iam
332 1316 403 1362 cum
430 1298 465 1362 in
486 1298 706 1364 huiuscemodi
727 1298 853 1382 formis,
876 1299 1016 1364 maxime
1039 1300 1095 1364 ubi
1117 1298 1266 1365 suffixaa

149 1403 161 1455 t
182 1394 291 1458 littera
312 1394 500 1479 incipientia
521 1416 592 1460 oum
615 1396 775 1462 radicibus
797 1398 957 1481 primariis
979 1398 1154 1462 coniuncta
1174 1403 1266 1478 erant,

148 1492 286 1574 primum
315 1497 547 1559 transmutatae
574 1495 651 1560 illae
679 1495 806 1561 radices
827 1495 1096 1578 comparuissent,
1120 1493 1198 1558 hinc
1218 1512 1268 1558 eas

148 1589 251 1671 magis
274 1590 440 1672 magisque
462 1598 662 1673 propagatas
684 1599 716 1658 01
737 1592 771 1657 111
793 1592 885 1657 novis
907 1592 1017 1657 formis
1039 1590 1202 1674 lingendis
1216 1590 1266 1657 ad-

148 1686 267 1751 hibitas
297 1707 367 1753 esse
398 1695 484 1770 puto.
535 1687 587 1754 Sic
617 1687 744 1754 demum
773 1688 835 1754 hoc
863 1690 1055 1772 explicatur,
1080 1688 1169 1770 quod
1191 1708 1218 1755 e.
1238 1709 1266 1771 g.

147 1784 257 1849 aoristi
280 1782 415 1870 ἐ’-βλη-,ν
439 1783 588 1872 ἔ-σκληψ
604 1786 674 1852 sim.
688 1793 851 1869 tamquam
867 1808 887 1852 a
901 1786 1064 1864 radicibus
1078 1786 1112 1851 in
1128 1788 1268 1852 vocalem

147 1882 325 1948 terminatis
346 1883 474 1948 formati
496 1891 586 1967 sunt,
616 1903 695 1965 quos
717 1904 776 1949 nec
798 1885 968 1951 metathesi
990 1904 1051 1950 neo
1073 1903 1218 1968 syncope
1232 1903 1267 1949 ex

148 1976 340 2062 *ἐ-βαλ-ον,
363 1977 563 2046 *baasi-oa
578 1988 638 2046 cet.
661 1981 790 2064 prodire
812 1983 955 2065 potuisse
977 2001 1071 2046 nemo
1092 2003 1160 2047 non
1175 1980 1267 2046 videt.

234 2077 335 2159 Igitur
355 2099 397 2145 110
420 2098 479 2160 ego
501 2078 631 2160 quidem
654 2098 681 2144 0.
698 2076 1268 2163 3.*με-μαν-μο1010με’-μνη-μαι

147 2195 298 2258 umquam
321 2176 482 2242 exstitisse
504 2174 710 2256 crediderim3
735 2175 792 2242 sed
813 2213 856 2221 —
877 2196 948 2240 cum
963 2175 1190 2257 antiquissima
1204 2194 1268 2257 per·

147 2273 219 2338 fecti
245 2275 348 2340 forma
368 2275 455 2340 hand
479 2274 576 2339 dubie
598 2279 762 2355 με’-μον-οι
785 2307 826 2326 =
849 2274 903 2338 lat.
926 2275 1077 2336 mc-mia-r'
1095 2273 1211 2338 fuisset
1230 2305 1267 2316 -

72 2433 77 2442 ,
144 2377 367 2457 μέ-μνη-μαι,
397 2379 604 2454 μέ-μνα-μαι
632 2379 801 2455 postquam
830 2371 864 2435 in
886 2371 960 2436 aliis
982 2371 1092 2436 formis
1114 2375 1267 2434 transmu-

145 2474 214 2534 tata
236 2469 330 2534 radix
351 2492 417 2549 μνα
439 2469 502 2532 iam
526 2468 656 2543 exstitit,
679 2468 816 2533 formata
837 2477 925 2551 puto.
970 2469 1126 2534 Similiter
1148 2467 1189 2533 de
1205 2467 1265 2550 qui-

145 2565 282 2631 busdam
297 2565 448 2648 perfectis
470 2566 592 2648 primis,
616 2585 699 2647 quae
716 2564 871 2643 dicuntur,
896 2566 1100 2631 statuendum
1117 2566 1194 2647 erit;
1217 2569 1266 2629 κε’-

146 2686 281 2748 κμη·κα,
304 2669 495 2750 τέ-τμη-κα,
519 2661 715 2746 ‹id-ripaque,
738 2667 925 2748 τέ-θνη-κα
940 2664 1060 2746 pariter
1079 2663 1189 2728 omnia
1210 2662 1264 2726 for·

145 2767 230 2826 tasse
252 2760 451 2825 secundariis
465 2759 609 2824 radicum
624 2759 734 2825 formis
750 2784 825 2844 κμη,
842 2784 917 2846 τμη,
935 2758 1011 2845 cipp,
1029 2764 1097 2846 θνη
1119 2760 1266 2825 inferiora

145 2863 235 2940 sunt,
265 2863 362 2938 atque
383 2857 469 2923 idem
491 2857 524 2921 in
547 2857 734 2922 inchoativa
754 2857 810 2921 lat.
833 2877 1000 2938 pao—scor,
1023 2878 1076 2940 gr.
1100 2853 1264 2943 θνή-σκω,

145 2953 350 3039 κι-κλή-σκω
374 2963 433 3021 001.
457 2955 572 3021 cadere
594 2954 731 3021 videtur.

229 3052 352 3117 Tamen
368 3073 409 3118 ne
424 3050 613 3134 sicquidem
628 3071 739 3118 omnes
752 3051 874 3116 formae
889 3051 1100 3135 explicantur.
1134 3053 1172 3118 Si
1186 3051 1264 3118 enim

143 3170 213 3232 eg.
229 3170 276 3232 gr.
293 3149 436 3236 ὁμη-τός
450 3171 522 3215 cum
535 3152 592 3216 lat.
609 3149 767 3212 dom-itus
788 3169 1018 3231 comparamus,
1041 3149 1191 3215 dubitare
1206 3168 1263 3214 non

142 3267 319 3330 possumus,
336 3248 413 3330 quin
424 3249 474 3313 his
484 3247 635 3330 graecoit.
646 3247 853 3309 *dum-eaeo
863 3248 1039 3312 subiectum
1053 3246 1159 3326 fuerit,
1175 3253 1263 3327 atque

142 3344 256 3410 eadem
270 3346 393 3410 ratione
408 3347 563 3430 suspicari
585 3345 659 3409 licet
681 3345 776 3410 etiam
799 3344 833 3408 in
848 3345 921 3409 aliis
935 3343 1045 3408 formis
1059 3364 1080 3407 a
1095 3342 1262 3425 primordio

141 3442 309 3526 primarias
330 3443 455 3515 radices
477 3443 567 3509 brevi
589 3442 835 3518 00001110100111
858 3440 979 3507 suffixis
994 3461 1014 3504 a
1029 3460 1174 3506 consona
1194 3440 1263 3505 inci-

140 3539 302 3623 pientibus
317 3540 415 3606 fnisse
434 3539 629 3620 coniunctas,
653 3545 865 3620 *cop-scos,
888 3544 1131 3619 *κε-καμ-ε-κα
1155 3545 1212 3603 cet.
1232 3541 1263 3600 ut

141 3661 262 3717 ταμεσι
278 3638 323 3715 (111
344 3641 594 3722 capaci-xpm),
618 3641 816 3701 θαν-ε-τέον
840 3641 881 3715 (v.
905 3656 1001 3719 supra
1016 3657 1047 3699 n.
1065 3641 1084 3700 5
1101 3641 1135 3700 et
1150 3640 1191 3711 3.)
1210 3653 1261 3718 pro

141 3735 369 3801 recentioribus
391 3760 503 3821 τμησι,
523 3732 667 3821 cup-rog
683 3741 741 3799 cet.
787 3732 886 3799 Vides
907 3735 940 3798 in
963 3733 1023 3815 his,
1048 3753 1145 3814 quam
1168 3749 1261 3817 prope

141 3832 328 3898 metathesis
351 3840 383 3898 et
405 3852 547 3918 syncope
568 3832 652 3896 inter
675 3851 710 3896 se
732 3831 928 3913 contingant.
973 3830 1011 3894 ln
1035 3830 1159 3896 eisdem
1181 3848 1259 3909 vero,

141 3929 204 3994 nisi
226 3929 329 4013 fallor,
353 3930 418 3995 iam
440 3930 542 3995 valuit
564 3928 738 3994 similitudo
761 3930 931 3994 verborum
953 3948 1018 3993 non
1042 3928 1172 4012 quidem
1193 3946 1261 4012 per·
