2828 4776
145 334 204 396 111
623 333 792 404 Siegismund

227 509 476 589 Nonnumquam
499 504 628 588 quidem
656 507 713 572 ille
742 505 840 573 etiam
867 505 969 572 latina
997 505 1157 573 vocabula
1183 524 1249 572 eon·

143 608 285 693 paravit,
318 597 551 670 velut'cornos
578 623 650 669 oum
673 601 776 688 κύρνα
798 639 842 650 -
863 607 983 688 κρανία
1004 624 1038 686 p.
1061 609 1140 686 501,
1164 613 1250 668 torreo

143 724 215 770 cum
243 702 375 788 ἐ’τερσε,
409 720 492 783 quae
519 701 678 783 antiquior
706 700 808 767 forma
836 707 885 768 est
912 700 1120 784 provulgari
1143 697 1250 784 ἔτρεσε,

143 803 230 886 sim.;
259 820 331 868 cum
362 818 439 865 vero
472 817 514 864 ne
546 797 627 865 haec
659 792 802 881 quidem
821 797 864 864 11
894 797 1084 865 metathesis
1113 798 1252 865 rationem

142 897 399 985 perspiciendam
430 895 605 977 conferret,
639 902 705 961 tum
732 895 768 960 in
789 895 870 962 aliis
896 895 1101 979 perspicuum
1127 902 1176 962 cst
1197 915 1253 962 eun

143 1016 276 1065 errasse.
334 995 387 1061 Sic
415 1014 446 1077 p,
472 996 535 1058 495
572 993 665 1060 affert
700 1013 759 1075 pro
794 997 909 1076 τρέπω
945 993 1120 1060 nonnullos
1138 998 1253 1077 11111

145 1095 281 1176 dixisse,
315 1092 407 1174 quasi
439 1093 521 1159 haec
552 1090 655 1156 forma
684 1109 725 1156 ex
753 1090 812 1156 illa
840 1089 1017 1173 prodierit..
1056 1089 1123 1157 Sed
1152 1091 1253 1168 collato

143 1193 198 1258 lat.
222 1201 353 1275 torqueo
376 1188 428 1264 (11.
451 1191 471 1270 ς
493 1193 512 1252 4
534 1210 566 1254 1
590 1191 643 1266 20)
666 1187 847 1254 videbimus
868 1207 925 1254 eas
946 1187 1075 1270 formas,
1099 1188 1134 1257 in
1157 1189 1254 1271 quibus

143 1290 325 1374 evocalem
346 1287 488 1370 sequitur
504 1287 712 1368 antiquiores,
734 1286 822 1370 ipsas
843 1285 979 1352 usitatas
1001 1284 1121 1352 formas
1142 1290 1255 1370 (aptae

143 1392 215 1466 oet.)
237 1385 411 1452 metathesi
432 1384 566 1450 11111111
588 1402 668 1449 1111.
706 1383 776 1448 Iam
793 1381 966 1464 intellegis,
990 1383 1103 1465 quanti
1117 1381 1255 1452 moment

143 1483 226 1549 illud
255 1484 297 1550 sit
327 1480 369 1548 ad
401 1488 488 1548 recte
520 1480 562 1546 11
595 1479 766 1546 metathesi
797 1478 1014 1554 iudicandum.
1058 1479 1154 1560 Quod
1186 1479 1254 1548 enin

145 1579 299 1664 deinceps
330 1578 500 1663 apparebit
530 1576 674 1661 linguam
703 1596 853 1660 graecam
882 1577 1022 1644 maxime
1051 1578 1095 1644 ad
1131 1579 1256 1663 liquidas

144 1677 311 1743 vocalibus
333 1674 580 1759 praeponendas
609 1693 804 1758 propensam
834 1693 923 1755 esse,
951 1674 1114 1745 rarissime
1142 1677 1256 1746 vocales

144 1773 275 1858 liquidis
290 1773 446 1858 praeponi
460 1808 501 1820 -
517 1792 600 1856 quae
614 1791 736 1855 genera
750 1792 771 1837 1
785 1778 899 1839 natura
914 1774 1075 1839 contraria
1088 1775 1256 1842 Lobeohim

142 1892 301 1955 nusquam
323 1872 438 1937 acriter
459 1869 606 1937 distinxit
627 1904 667 1916 -
690 1869 748 1934 illo
770 1889 897 1951 quoque
917 1871 1067 1954 exemplo
1085 1871 1256 1941 firmabitm.

228 1971 298 2036 Iam
320 1989 397 2035 vero
419 1987 491 2034 cum
513 1968 643 2034 omnino
665 1968 699 2032 in
722 1968 918 2052 etymologia
944 1987 1062 2051 graeca
1091 1990 1134 2037 ne
1163 1970 1257 2038 latinis

144 2067 273 2151 quidem
288 2066 454 2133 vocabulis
469 2065 662 2150 comparatis
677 2064 879 2147 acquiescere
894 2066 1062 2148 possimus,
1086 2067 1147 2134 111
1162 2084 1257 2137 omnes

60 2172 63 2178 '
143 2166 271 2249 linguas
293 2170 448 2247 cognatas
470 2163 625 2230 adhibere
647 2162 839 2243 debeamus,
872 2169 940 2227 tum
968 2160 1029 2228 hae
1055 2164 1092 2228 in
1119 2184 1157 2232 re
1181 2161 1257 2235 aliud

143 2261 219 2346 quid
235 2260 369 2328 accedat
383 2279 515 2328 necesse
537 2267 595 2326 est.
632 2259 716 2335 Nam
738 2259 766 2326 si
789 2260 861 2341 quis
877 2279 904 2327 e.
921 2281 952 2343 g.
967 2259 1173 2345 dubitaverit,
1194 2280 1259 2329 num

141 2381 201 2427 nos
229 2366 315 2427 reete
341 2359 376 2424 ln
400 2363 502 2442 τρέω,
533 2362 649 2442 resno
676 2358 747 2424 sim.
776 2356 931 2440 liquidam
960 2359 1180 2442 praepositam
1200 2376 1258 2426 osse

145 2463 334 2538 statuamus,
357 2455 508 2537 quoniam
529 2454 666 2521 fortasse
687 2455 721 2518 in
742 2455 808 2521 illis
829 2457 984 2540 pristinus
998 2457 1179 2522 litterarum
1193 2454 1259 2522 orde

143 2561 289 2620 servatus
296 2601 304 2636 ,
337 2559 449 2618 eontra
470 2554 505 2619 in
525 2553 580 2618 lat.
604 2561 725 2629 terreo,
747 2573 795 2636 gr.
819 2552 951 2637 dragus,
974 2554 1030 2619 lat
1053 2564 1201 2640 torqueo,
1220 2574 1258 2638 gr.

143 2656 257 2735 τέρπω
290 2650 452 2716 vocalis
487 2650 673 2733 praeposita
706 2671 777 2719 1111
810 2652 927 2736 possit,
964 2651 1045 2719 haee
1082 2656 1115 2716 11
1152 2652 1257 2719 similes

145 2747 364 2820 dubitationes
381 2748 431 2814 ’111
457 2748 673 2815 removendae
702 2755 809 2831 erunt,
839 2756 874 2818 ut
902 2749 999 2815 etiam
1027 2749 1061 2814 in
1089 2750 1257 2838 linguarum

144 2852 351 2928 cognatarum
377 2845 579 2912 metathesim
607 2846 815 2929 inquiramus.
860 2845 926 2913 Sed
953 2846 1034 2912 haee
1056 2846 1122 2913 iam
1144 2846 1187 2914 ad
1205 2845 1256 2914 111·

143 2943 220 3026 gula
241 2961 362 3026 genera
383 2943 555 3026 pertinent,
579 2964 662 3027 quae
683 2945 767 3010 infra
787 2944 1004 3012 tractabimus.

227 3040 321 3105 Nune
353 3039 388 3105 id
416 3032 551 3123 addam,
585 3041 666 3107 sicut
698 3042 817 3107 auxilio
850 3042 1031 3124 linguarum
1063 3049 1254 3125 cognatarum

142 3137 330 3206 metathesis
355 3158 493 3220 graecae
520 3138 676 3206 rationem
699 3159 942 3221 cognoscemus,
975 3139 1020 3204 ita
1052 3141 1110 3206 illo
1144 3141 1255 3212 demum

142 3238 244 3302 multa
266 3235 431 3318 exempla,
454 3235 509 3299 ubi
531 3235 699 3320 primarius
721 3237 898 3304 litterarum
921 3234 998 3301 ordo
1021 3237 1110 3321 apud
1132 3240 1255 3308 enea

142 3335 205 3399 iam
228 3354 294 3399 non
317 3339 462 3399 servatus
484 3334 692 3417 conspicitur,
726 3334 871 3400 conferre
896 3335 1079 3417 poterimus.
1124 3337 1256 3417 Denique

143 3431 183 3496 de
206 3431 252 3496 eis
272 3422 400 3512 'quoque
415 3431 581 3515 exemplis,
604 3450 737 3513 quorum
751 3433 833 3497 ratio
847 3431 1046 3515 Lobeckium
1062 3454 1128 3498 non
1143 3443 1256 3518 prorsus

140 3615 311 3670 metathesim
335 3615 451 3680 iactam,
479 3613 526 3668 sed
554 3614 699 3682 pristinum
724 3614 877 3669 litterarum
902 3615 1023 3670 ordinem
1049 3618 1183 3669 servotum
1208 3617 1261 3667 esse

143 3695 253 3761 statuit,
280 3693 391 3748 nimium
416 3709 482 3749 sane
506 3692 623 3750 confisus
647 3695 834 3764 grammatico,
862 3681 1264 3764 11111111111111ρῶκαιᾶ

142 3773 315 3842 παραγωγὴν
342 3774 428 3845 δρέκω
446 3793 468 3826 κ.
488 3771 517 3828 ἒν
544 3773 689 3844 ὑπερθέσει
712 3775 799 3844 δέρκω
819 3815 841 3830 ..
860 3778 967 3846 111911
998 3773 1098 3844 πρήθω
1129 3777 1220 3845 arpeo
1242 3799 1266 3816 -·

142 3855 183 3917 (a
194 3869 221 3921 p.
240 3857 308 3920 496).
344 3853 398 3909 Sed
415 3854 480 3923 quin
498 3870 590 3911 omues
608 3856 648 3910 illi
664 3855 758 3910 aoristi
775 3855 821 3922 (cf.
840 3860 864 3923 e.
884 3861 909 3921 6)
927 3855 1103 3911 metathesim.
1115 3855 1188 3926 parsi
1204 3846 1271 3908 sint,

142 3931 260 3989 dubitari
277 3934 385 3989 omnino
404 3934 504 4002 nequit.
