2828 4776
350 354 369 396 s
472 347 505 402 de
522 347 665 402 metathesi
681 360 786 415 graeca.
1132 341 1190 404 111

45 525 220 606 Πρίαμος
244 520 354 586 -ita
386 519 523 598 seilie'et,
560 526 595 585 ut
630 519 767 603 primum
798 541 813 583 ε
843 524 919 583 ante
948 541 966 600 ρ
996 524 1191 601 nasceretur,

49 617 180 686 deinde
196 644 209 685 ι
223 618 274 703 (j)
290 618 434 683 interiret
447 651 490 664 —
504 615 573 682 fieri
595 615 747 699 potuisse,
770 621 802 681 et
824 614 970 698 quamvis
992 614 1048 680 lat.
1070 617 1191 688 ternae,

52 734 125 781 ser.
151 714 260 800 trttjoo
291 715 359 782 bor.
390 715 475 778 ttrtia
508 733 548 778 ex
577 712 685 795 indog.
704 702 822 774 '*trr'ta
855 730 988 777 manare
1021 713 1192 797 potuerint,

46 818 171 884 ,tamen
192 833 259 879 una
280 811 383 878 forma
406 810 551 891 dialeeti,
575 829 657 892 quae
679 808 751 874 Pali
773 816 921 885 venatur,
944 810 1043 874 aliam
1066 809 1193 876 videtur

56 911 153 976 viam
173 917 353 978 monstrare
361 911 405 986 ³²).
450 908 499 972 lbi
531 907 617 973 enim
650 914 698 972 est
731 906 836 990 torisa·
864 906 982 987 forma,
1016 908 1193 973 seeundum
1257 979 1260 982 Δ

51 1007 154 1090 leges
174 1009 262 1075 illius
285 1007 415 1073 dialecti
436 1004 524 1070 haud
539 1004 637 1070 dubie
651 1023 693 1069 ex
707 1002 845 1088 *tortr'jo
862 1011 949 1085 nata,
966 1024 997 1068 v.
1013 1005 1192 1090 Benfeyum

53 1101 133 1170 ‘Oa
150 1125 179 1170 u.
202 1104 285 1172 Oea’
307 1105 329 1170 l.
353 1105 374 1169 l.
396 1125 428 1188 p.
452 1107 492 1168 34
515 1108 580 1167 not.
637 1103 705 1166 lam
739 1120 809 1166 oum
847 1120 996 1167 numerus
1033 1104 1193 1169 ternarius

51 1200 185 1285 (indog.
207 1209 246 1268 st.
270 1204 338 1273 ιη’-1
360 1201 403 1267 ad
425 1200 638 1285 antiquiorem
661 1199 795 1263 formam
821 1197 922 1261 *tsri-
950 1198 1055 1265 redire
1084 1200 1193 1265 videa·

52 1305 122 1376 tur
139 1306 179 1376 (v.
201 1300 306 1384 Bopp.
325 1299 350 1364 ·l.
372 1299 394 1362 l.
423 1298 474 1363 11³
496 1300 536 1362 67
559 1297 696 1379 sqq.)³³),
735 1297 879 1362 eonieere
915 1297 990 1363 lieet
1026 1317 1193 1364 numerum

57 1395 242 1462 ordinalem
270 1394 500 1479 antiquissimis
528 1394 725 1477 temporibus
755 1397 901 1456 *tari-ta·
928 1394 1076 1476 audisse,
1110 1396 1194 1460 hano

58 1500 170 1559 autom
197 1494 333 1559 formam
354 1512 490 1557 -oum
518 1491 552 1555 in
578 1511 710 1557 numero
733 1490 890 1557 oardinali
912 1492 977 1557 iarn
999 1500 1076 1558 aute
1098 1493 1194 1558 Indo

65 1608 288 1671 germanorum
321 1590 497 1656 disoessum
530 1609 672 1673 synoope
704 1589 790 1655 faeta
818 1597 904 1655 esset
925 1591 1023 1655 —in
1049 1583 1194 1673 singulas

66 1686 190 1770 linguas
212 1688 388 1755 transiisse.
432 1685 526 1766 Quod
548 1687 576 1752 si
598 1693 684 1753 reete
707 1688 884 1752 eonieotum
906 1694 965 1767 est,
989 1687 1142 1772 deinceps
1159 1689 1194 1753 in

72 1784 140 1851 aliis
170 1788 211 1869 i,
232 1786 266 1851 in
298 1785 372 1854 aliis
401 1806 420 1847 a
448 1784 571 1850 voealis
607 1805 749 1869 synoope
787 1785 922 1851 delituit.
966 1786 1012 1849 Ao
1049 1785 1196 1851 similiter

77 1883 268 1949 statuendum
291 1888 376 1949 esset
398 1883 454 1948 lat.
477 1892 527 1944 ter
550 1902 614 1947 non
640 1901 681 1947 ex
709 1879 796 1943 *trab
817 1914 859 1932 =
881 1902 939 1947 sor.
963 1883 1022 1944 tro'a
1050 1902 1097 1965 gr.
1120 1887 1194 1966 τρίς

80 1983 169 2046 orum
191 2000 273 2062 ease,
297 1980 356 2046 sed
372 1999 437 2046 una
451 1980 604 2045 eumillis
619 1979 662 2044 ad
678 1979 787 2061 indog.
803 1977 909 2041 *toris
924 1979 1039 2044 redire.
1068 1981 1194 2044 Tamen

82 2071 137 2142 iure
164 2079 298 2144 fortasse
327 2077 540 2158 dubitaveris,
573 2098 650 2141 num
673 2098 692 2139 a
714 2076 851 2156 voealis,
887 2093 970 2158 quae
997 2077 1031 2140 in
1060 2096 1194 2142 numero

83 2173 219 2242 tardiuali
251 2174 372 2241 dudum
400 2180 591 2256 evanuerat,
623 2173 747 2239 tamdiu
769 2174 802 2237 in
826 2172 960 2256 singulis
983 2172 1102 2255 linguis
1123 2192 1196 2257 per-

84 2272 233 2351 manserit,
266 2279 301 2338 ut
321 2273 398 2339 inde
421 2273 549 2338 illarum
572 2272 746 2337 formarum
769 2270 985 2353 discrepantia
1007 2271 1192 2354 explieetur.

85 2360 171 2440 Quare
185 2377 253 2436 tota
268 2370 368 2437 resin
383 2369 489 2436 medio
505 2369 716 2454 relinquenda
732 2368 859 2433 videtur
874 2386 954 2434 esse.
988 2368 1195 2435 Reoentiores

84 2477 143 2530 ltro
163 2467 295 2535 dialeoti
315 2467 403 2533 baud
431 2467 529 2534 dubie
559 2466 592 2532 in
623 2469 684 2533 hoo
713 2467 784 2550 ipso
812 2486 944 2532 numero
973 2464 1111 2530 ordinali
1140 2486 1195 2531 vo·

85 2560 168 2630 talem
200 2565 409 2648 antieipatam
444 2565 616 2648 praebent,
654 2564 923 2647 quemadmodum
959 2562 1047 2645 angl.
1084 2562 1192 2646 therap,

84 2649 152 2742 belg.
173 2664 270 2728 aerae
291 2662 389 2745 (quod
404 2663 481 2753 Alrr.
497 2683 529 2745 p.
546 2666 586 2726 79
609 2662 652 2727 ad
674 2663 756 2728 aeol.
779 2666 896 2744 τέρτος
919 2668 1095 2744 comparat)
1122 2679 1195 2725 eum

82 2754 148 2832 agis.
170 2760 301 2843 tbrdttip,
325 2758 437 2826 saxon.
461 2767 525 2825 vet.
541 2759 668 2822 ebraldo
684 2767 725 2837 (v.
743 2758 892 2824 Dieienb.
908 2758 930 2822 l.
946 2757 980 2829 l.)
996 2757 1195 2823 eonferenda

81 2859 155 2926 sunt,
191 2856 318 2923 Similia
338 2856 498 2941 quaedam
521 2857 665 2924 eiusdem
687 2857 815 2940 generis
834 2857 984 2940 exempla
1006 2876 1024 2922 e
1047 2856 1194 2922 dialeetis

26 3020 29 3028 ‚
80 2940 240 3022 theodisca
262 2954 356 3021 affert
377 2954 539 3021 Woestius
562 2955 629 3020 KZ.
652 2956 707 3037 IV,
734 2959 886 3036 137sqq.

83 3057 376 3083 N..—

69 3199 71 3203 ,
136 3137 168 3204 ³²)
185 3134 351 3194 Monendum
378 3144 420 3193 est
445 3137 590 3193 dialectum
616 3137 737 3192 Palioam
763 3153 818 3191 non
836 3137 959 3206 elingua
983 3150 1085 3190 sanser.
1108 3142 1195 3189 ortam

73 3213 134 3279 e⁸⁸0,
152 3219 199 3293 sed
216 3234 272 3273 una
290 3235 350 3274 cum
368 3233 400 3273 ea
417 3218 453 3273 ad
471 3217 584 3273 eundem
601 3217 704 3272 fontem
721 3217 817 3272 redire.

134 3298 166 3366 ³³)
184 3299 267 3354 Cuius
284 3299 388 3354 formae
405 3315 466 3353 eum
484 3298 588 3352 nullum
605 3298 746 3367 vestigium
764 3298 890 3367 supersit,
909 3311 941 3350 eo
959 3301 1047 3350 autem
1066 3302 1194 3362 tempore,

67 3371 120 3458 (1¹¹9
143 3380 259 3448 primurn
284 3395 358 3433 num.
385 3378 442 3434 ord.
468 3355 601 3434 formatui
627 3377 758 3442 videatur,
785 3379 872 3432 *tari-
890 3377 942 3431 iarn
968 3376 997 3430 in
1021 3377 1069 3430 tri·
1087 3390 1195 3429 versum

120 3469 148 3516 te
167 3459 328 3515 sumendum
344 3458 393 3523 sit,
412 3458 546 3528 Benieyns
565 3465 656 3513 tamen
674 3459 776 3529 tri-eja-
793 3459 877 3512 solam
894 3457 1009 3511 sormam
1027 3455 1116 3524 indog.
1135 3469 1196 3510 esse

62 3527 129 3589 'ult-
158 3541 359 3596 Sednesoioan
370 3539 481 3609 uestigia
490 3539 692 3608 antiquissimae
700 3539 803 3594 formae
815 3538 844 3592 in
864 3536 962 3605 linguis
981 3536 1083 3590 celticis
1097 3550 1195 3604 agnos·

61 3609 151 3694 ⁰5¹1&
167 3620 230 3688 sint,
248 3619 283 3675 ci.
301 3619 406 3689 godhel.
424 3626 476 3676 vet
495 3625 572 3675 teora
589 3620 623 3674 al.
640 3634 683 3688 ap.
702 3616 825 3672 Dieienb.
844 3616 878 3680 11,
896 3620 955 3681 til,
975 3631 1137 3685 quamquam
1161 3615 1195 3672 de

57 3671 192 3780 baffi
207 3699 323 3756 affirmo.
367 3699 410 3755 De
427 3707 547 3770 tempore
565 3707 669 3764 autem,
696 3713 838 3767 quonum.
858 3696 1100 3762 ordimortussit,
1128 3695 1197 3751 nihil

56 3767 174 3836 ⁸011nus.
205 3781 330 3851 Denique
344 3780 422 3836 Benf.
441 3780 545 3850 cogitur
562 3780 617 3850 pal.
636 3780 729 3850 tn-ta'ja
748 3793 762 3832 e
787 3778 910 3848 *tri-tija
927 3792 976 3847 per
994 3777 1094 3831 formas
1112 3772 1196 3832 interi

52 3846 168 3986 gellias
186 3863 309 3934 *ttrtr'ja-
327 3862 447 3933 ttartija
469 3861 582 3928 ducere,
607 3859 679 3930 quod
697 3858 830 3915 similibus
847 3859 976 3929 exemplis
993 3857 1097 3912 firmari
1113 3873 1196 3928 posse

86 3940 120 3987 ⁸0
141 3943 278 4014 desperat.
