2828 4776
141 376 203 437 252
654 379 757 434 Erman

141 551 289 623 videntur
312 550 507 616 commisisse
529 549 659 631 vitium,
688 551 815 615 cumin
844 548 1075 633 pertractanda
1097 549 1252 615 recentiore

141 649 221 714 Iade
245 670 262 715 e
284 648 372 715 fonte
394 647 603 713 incertissimo
620 647 794 729 haurirent,
817 666 890 713 eum
912 654 1029 728 autem,
1054 648 1109 728 qui
1131 647 1253 712 maxima

143 745 207 812 fide
232 746 347 828 dignus
370 752 428 827 est,
450 765 561 811 omnes
584 745 652 810 lere
672 765 801 828 prorsus
823 746 1043 827 neglegerent.
1069 820 1070 823 Ἴ

227 844 294 909 Nos
318 843 455 926 quidem,
479 842 582 908 utria
597 861 635 907 ac
656 843 781 908 ratione
802 842 836 906 in
851 839 1090 925 pertractandis
1112 842 1162 907 his
1177 861 1254 924 quae·

143 941 299 1007 stionibus
321 940 548 1024 procedamus,
579 960 645 1004 non
668 941 770 1005 solum
793 939 924 1004 Homeri
946 939 1122 1004 dialectum
1143 945 1256 1023 propter

143 1045 345 1116 vetustatem,
369 1038 427 1104 sed
451 1038 665 1120 elegiacorum
680 1045 712 1103 et
733 1037 921 1102 melicorum
937 1055 1064 1119 quoque
1087 1037 1256 1119 linguama

143 1136 320 1202 recentiore
352 1135 432 1200 Iade
464 1153 676 1201 secememus.
731 1137 871 1200 Tantum
905 1135 991 1200 enim
1022 1134 1138 1199 aberat
1165 1140 1198 1198 ut
1221 1133 1257 1197 illi

142 1234 279 1316 patriam
291 1233 445 1316 linguam,
457 1253 520 1315 qua
531 1252 588 1298 suo
599 1241 743 1315 tempore
755 1233 841 1298 cives
853 1233 1035 1312 utebantur,
1045 1231 1256 1314 exprimerent,

142 1337 176 1394 nt
198 1332 309 1395 multa
322 1350 362 1396 ex
385 1330 476 1414 epicc
499 1349 647 1396 sermone
668 1331 815 1412 quamvis
838 1330 893 1394 diu
915 1330 1059 1394 obsoleto
1093 1330 1257 1395 miscerent.

145 1428 217 1493 Nisi
232 1447 308 1494 vero
331 1448 388 1511 pro
405 1432 491 1492 certo
507 1429 634 1509 scimus,
657 1428 712 1493 ubi
728 1435 759 1494 et
776 1427 903 1510 quando
920 1427 1030 1509 aliqua
1045 1427 1149 1491 forma
1166 1427 1199 1491 in
1213 1446 1258 1491 usu

143 1526 247 1606 fuerit,
276 1527 344 1590 eius
366 1525 481 1590 notitia
504 1524 696 1609 disciplinae
717 1532 846 1591 nostrae
868 1545 981 1608 parum
1003 1523 1146 1607 prodest.

228 1624 319 1701 Quae
341 1642 413 1687 cum
441 1623 488 1687 ita
516 1622 596 1704 sint,
627 1629 755 1707 praeter
776 1623 936 1705 'reliquias
958 1622 1259 1706 iambographorum,

144 1740 277 1802 quorum
313 1720 485 1785 dialectum
514 1720 772 1802 „quodammodo
800 1720 986 1786 recentioris
1016 1719 1106 1796 Iadis
1136 1725 1260 1785 aetatem

144 1818 310 1900 antiquam
334 1816 481 1883 efficere“
503 1819 634 1884 Renner
655 1819 689 1883 in
712 1817 961 1894 Quaestionibus
983 1816 1048 1882 suis
1072 1817 1115 1882 de
1138 1816 1261 1881 dialecto

143 1915 332 1997 antiquioris
347 1913 542 1981 Graecorum
564 1916 672 1999 poesis
693 1916 857 1999 elegiacae
880 1922 912 1982 et
933 1914 1091 1979 iambioac
1106 1910 1262 1996 (,Studieo‘

144 2014 170 2094 I,
187 2016 216 2094 2,
233 2034 264 2096 p.
282 2016 334 2088 62)
358 2012 518 2095 probavit,
542 2011 664 2097 duplex
679 2021 826 2097 superest
848 2014 931 2094 fons,
948 2032 996 2078 ex
1011 2030 1074 2093 quc
1089 2009 1261 2077 recentioris

144 2110 275 2176 dialecti
296 2111 422 2175 ionicae
443 2111 583 2192 cognitio
611 2111 791 2176 haurienda
819 2118 881 2177 est:
916 2114 945 2186 1)
968 2110 1050 2174 alter
1071 2110 1191 2191 plenus
1218 2107 1262 2171 illc

144 2207 284 2289 quidem,
308 2207 367 2273 sed
389 2228 455 2272 non
477 2228 597 2290 magna
618 2208 682 2273 ride
704 2208 830 2291 dignus,
854 2212 909 2290 qui
923 2206 1077 2273 Herodoti
1100 2212 1133 2272 et
1155 2205 1261 2289 Hippo·

144 2305 242 2370 cratis
270 2304 398 2388 scriptis
427 2305 622 2387 continetur,
656 2325 716 2373 neo
744 2327 809 2372 non
836 2307 1024 2389 fragmentis
1052 2303 1262 2369 historicorum

145 2407 178 2467 et
199 2402 463 2485 philosophorum
490 2402 680 2487 ionicorum,
712 2408 743 2482 2)
766 2404 863 2486 alter,
895 2404 949 2486 qui
976 2402 1184 2478 tenuitatem,
1213 2419 1262 2483 qua

145 2498 282 2580 laborat,
305 2498 464 2565 uberrime
486 2508 673 2584 compensat
695 2522 750 2583 ea,
780 2523 843 2585 qna
864 2500 1001 2583 insignis
1023 2504 1073 2564 est
1095 2497 1171 2579 fide,
1193 2495 1262 2562 tiuli

146 2596 253 2678 ionici,
269 2597 384 2678 quibus
400 2604 578 2680 temporum
591 2598 745 2681 iniquitas
759 2620 861 2682 nsque
871 2599 915 2664 ad
925 2599 1011 2663 bunc
1022 2597 1110 2662 diem
1123 2594 1261 2679 pepercit.

232 2693 322 2770 Quae
344 2699 377 2758 et
399 2701 519 2775 quanta
541 2695 625 2761 inter
643 2704 812 2778 utrumque
841 2697 962 2761 iontem
983 2695 1167 2760 intercedat
1190 2695 1262 2759 dille·

147 2790 260 2866 restio,
283 2797 428 2874 apertum
452 2799 509 2858 est.
549 2791 657 2876 Opera
679 2795 764 2860 enim
779 2793 942 2875 Herodoti,
966 2793 1183 2875 Hippocratis,
1204 2791 1262 2856 reli·

147 2907 280 2968 quorum
308 2888 343 2952 in
372 2888 535 2954 codicibus
562 2891 656 2956 nobis
685 2892 804 2956 tradita
831 2898 920 2971 sunt,
950 2909 1030 2972 quos
1058 2890 1169 2956 medio
1195 2907 1262 2955 aero

147 2984 207 3048 viri
230 2985 376 3050 doctrina
405 2992 437 3052 et
468 2987 648 3054 eruditione
670 2995 815 3054 carentes
837 2989 1048 3072 scripserunt,
1078 2987 1168 3051 tituli
1190 2988 1262 3070 ipsos

146 3083 240 3148 nobis
269 3090 401 3149 servant
428 3085 605 3150 litterarum
636 3083 764 3167 ductus,
793 3106 873 3167 quos
901 3086 997 3150 Iones
1023 3084 1058 3148 in
1087 3083 1200 3167 lapide
1227 3083 1262 3146 in·

146 3179 302 3246 ciderunt.

233 3278 324 3355 Quae
344 3278 441 3361 igitur
462 3279 565 3343 forma
586 3279 620 3344 in
642 3279 735 3344 titulo
757 3280 865 3362 aliquo
887 3299 945 3363 pro
968 3285 1053 3344 certo
1075 3279 1209 3361 legitur,
1235 3293 1263 3341 co

146 3381 291 3458 tempore
321 3395 382 3457 quo
411 3375 522 3440 titulus
552 3377 689 3460 scriptus
717 3383 780 3456 est,
811 3377 899 3460 apud
922 3377 1018 3441 Ionas
1047 3375 1082 3441 in
1113 3397 1174 3442 usu
1202 3374 1263 3440 fuit:

102 3484 105 3488 ·
147 3471 271 3538 formae
287 3479 408 3554 contra,
433 3492 514 3554 quas
529 3473 656 3540 codices
669 3474 833 3555 exhibent,
849 3495 870 3539 a
884 3473 1023 3539 librariis
1038 3472 1123 3539 falso
1138 3474 1264 3540 insertae

146 3588 220 3635 esse
248 3577 392 3652 possunt.
443 3571 572 3651 Duplex
599 3571 727 3636 illorum
757 3577 806 3637 est
827 3572 954 3651 vitium,
986 3590 1072 3635 cum.
1086 3578 1149 3636 ant.
1171 3571 1265 3653 negle-

147 3667 258 3748 gentia
286 3667 378 3732 tritas
406 3666 524 3732 formas
552 3667 667 3733 atticas
689 3689 746 3751 pro
768 3669 853 3734 veris
882 3669 916 3733 in
944 3674 1066 3732 textum
1088 3670 1264 3753 reciperent,

149 3768 205 3827 aut
226 3784 284 3846 pro
299 3765 383 3829 veris
405 3763 514 3829 formis
535 3764 659 3845 ionicis,
683 3785 765 3846 quae
786 3766 889 3831 falsae
908 3766 1050 3848 ipsorum
1073 3766 1115 3834 de
1139 3767 1264 3832 dialecto

148 3859 294 3942 opinioni
315 3882 381 3927 non
400 3862 657 3945 respondebant,
679 3862 928 3946 formas‘epioas
949 3871 1046 3945 atque
1073 3864 1157 3934 adeo
1179 3863 1264 3938 fictas,

149 3958 349 4041 quaeipsis,
378 3964 413 4023 ut
435 3959 480 4022 ita
501 3957 623 4042 dicam,
653 3959 756 4042 magis
777 3957 903 4027 ionicae
925 3960 1135 4044 videbantur,
1165 3957 1264 4027 substi-
