2828 4776
440 362 481 417 De
498 362 638 417 titulorum
655 362 805 416 ionicorum
824 361 946 415 dialecto.
1204 355 1267 416 309

389 690 391 695 Ι
468 742 561 816 Md.
606 740 665 803 DE
688 702 829 802 VERBO
854 734 932 816 εἰμί.

228 930 255 988 1.
301 924 508 1006 Participium
535 924 626 990 verbi
655 922 725 1006 εἰμί
755 931 789 988 ut
810 923 898 1007 apud
921 922 1136 1004 Herodotum,
1166 924 1267 989 sicin

132 1022 370 1090 vetustioribus
393 1041 518 1104 quoque
541 1022 641 1088 titulis
663 1022 798 1088 formam
821 1021 952 1088 exhibet
974 1018 1054 1086 ἐώνε
1078 1020 1268 1104 παρεόντος

136 1118 206 1204 (21,
223 1116 292 1204 28),
316 1117 438 1197 adulto]
455 1117 523 1202 (21ι
537 1123 598 1197 35).
643 1119 694 1185 Ne
715 1123 750 1183 in
764 1120 867 1200 quarti
884 1118 1014 1202 quidem
1025 1119 1145 1185 saeculi
1167 1118 1268 1184 titulis

135 1218 247 1284 ionica
267 1217 327 1282 illa
347 1216 449 1282 forma
471 1238 600 1300 prorsus
622 1217 729 1284 deest:
753 1215 871 1294 ἐόντας
895 1214 960 1299 (22,
984 1218 1026 1293 8).
1071 1218 1108 1282 ln
1131 1217 1268 1283 decretis

136 1315 378 1401 Mylasensibus
400 1314 566 1399 habemus,
580 1323 612 1380 et
632 1315 770 1380 ionicam
792 1314 927 1380 formum
951 1322 983 1380 et
1000 1315 1130 1380 atticam
1145 1311 1268 1398 ἐούσης

136 1420 172 1479 et
196 1409 281 1491 ὄντι,
313 1413 347 1477 in
370 1411 490 1478 Thasio
514 1411 584 1497 (24)
614 1413 716 1478 solam
746 1413 876 1478 atticam
900 1409 956 1476 ὤν.
1001 1412 1098 1477 Recte
1125 1413 1221 1495 igitur
1250 1432 1270 1476 a

138 1510 302 1577 Bredovio
332 1515 375 1601 (p.
399 1515 484 1591 404),
515 1508 682 1575 Dindorfio
712 1511 745 1588 (l.
774 1511 797 1573 l.
827 1531 857 1593 p.
882 1509 1020 1586 XXXV)
1049 1509 1122 1574 aliis
1152 1509 1272 1591 ubique

136 1608 229 1692 apud
251 1606 449 1674 Herodotum
471 1609 524 1673 vel
546 1609 656 1673 invitis
679 1608 842 1674 codicibus
864 1605 929 1674 ἐών
952 1608 1131 1672 restitutum
1154 1614 1211 1674 est.

228 1709 257 1770 2.
302 1705 455 1770 Notanda
484 1725 609 1787 quoque
638 1712 686 1772 est
714 1705 908 1770 coniunctivi
935 1705 1038 1769 torma
1066 1695 1087 1790 ἦ
1115 1706 1150 1769 in
1178 1707 1271 1770 titulo

136 1805 381 1870 Halicarnassio
405 1807 468 1885 (21,
486 1807 538 1881 37)
561 1803 666 1876 obvia,
690 1822 761 1868 cum
784 1823 849 1867 non
866 1801 981 1882 desint,
1005 1803 1058 1884 qui
1073 1802 1270 1868 Herodotum

138 1901 195 1977 ἔω,
222 1901 291 1986 ἕῃς,
315 1900 352 1986 ἔῃ
377 1901 505 1967 flexisse
527 1899 752 1966 contende1int
775 1899 825 1978 (ci.
842 1898 980 1964 Bredow
997 1901 1018 1965 l.
1034 1901 1056 1964 l.
1073 1921 1104 1983 p.
1121 1905 1182 1965 404
1200 1905 1270 1982 sq.).

227 2086 320 2160 §id
365 2081 444 2147 Cum
466 2084 530 2147 iam
558 2080 718 2147 adfinem
747 2081 975 2166 disputationis
1001 2090 1131 2150 nostrae
1160 2103 1270 2166 perve-

136 2182 292 2260 nerimus,
316 2179 478 2261 quaeritur
500 2178 614 2260 quibus
636 2180 837 2261 potissimum
859 2181 893 2244 in
915 2180 1010 2246 rebus
1033 2188 1142 2247 nostra
1164 2200 1271 2247 recen·

137 2280 231 2344 tioris
245 2276 334 2343 Iadis
349 2277 487 2358 cognitio
508 2276 674 2353 titulorum
689 2279 881 2344 testimoniis
896 2278 1077 2352 emendata,
1100 2280 1134 2343 in
1157 2278 1271 2360 quibus

138 2374 338 2460 amplificata
360 2375 409 2439 sit.
1113 2443 1117 2452 ,

229 2473 420 2552 Discrimen,
444 2470 529 2554 quod
544 2473 627 2537 inter
641 2472 770 2537 atticam
789 2471 960 2538 dialectum
976 2481 1008 2539 et
1021 2474 1160 2540 ionicam
1175 2473 1271 2539 inter-

138 2571 237 2650 cedit,
261 2572 294 2634 in
318 2589 356 2635 eo
380 2571 552 2655 praecipue
574 2571 713 2653 positum
729 2578 786 2651 est,
810 2570 895 2652 quod
912 2579 1046 2653 utraque
1061 2579 1163 2637 certos
1181 2591 1273 2654 quos-

140 2671 217 2734 dam
241 2688 338 2733 sonos
367 2687 580 2749 sonorumque
613 2668 854 2733 coniunctiones
878 2670 1032 2752 servavit,
1067 2690 1147 2752 quas
1169 2670 1273 2734 altera

139 2767 289 2832 mutavit.
335 2764 448 2847 [taque
470 2764 532 2845 Ias,
555 2785 627 2830 cum
649 2784 744 2831 omne
766 2765 834 2831 iere
849 2789 870 2828 α
885 2766 1016 2850 longum
1038 2769 1072 2833 in
1088 2793 1108 2854 η
1125 2774 1271 2846 mutaret,

139 2863 246 2946 magis
270 2882 365 2943 quam
388 2862 485 2927 attica
509 2863 664 2928 dialectos
687 2883 708 2926 a
729 2863 862 2945 pristino
886 2864 1023 2932 decessit
1049 2873 1148 2947 statu,
1178 2885 1272 2948 quem
1400 2885 1412 2900 ·

139 2968 255 3027 contra
277 2961 311 3024 in
333 2959 502 3024 tractando
524 2961 684 3025 vocalium
707 2980 862 3025 concursu
886 2956 1004 3028 diutius
1029 2983 1124 3044 quam
1146 2963 1205 3027 illa
1226 2982 1273 3027 re-

140 3058 247 3126 tinuit.
292 3057 343 3122 De
365 3057 422 3121 illa
445 3058 566 3122 vocalis
582 3082 603 3120 α
619 3058 652 3121 in
668 3082 686 3142 p
711 3057 889 3123 mutatione
911 3059 991 3124 nihil
1013 3062 1090 3125 novi
1111 3060 1195 3124 tituli
1214 3079 1273 3124 nos

141 3157 270 3235 docent,
294 3157 430 3220 alteram
452 3162 558 3221 autem
582 3154 830 3236 discrepantiam
853 3155 886 3217 in
910 3156 1047 3222 dialecto
1070 3175 1273 3238 nequaquam

140 3261 209 3318 tam
240 3252 306 3316 late
335 3257 447 3334 patere
475 3252 629 3330 vidimus,
659 3270 754 3332 quam
783 3251 880 3332 vulgo
910 3252 1057 3318 creditur.
1102 3254 1232 3318 Vocalis
1256 3277 1270 3318 ε

141 3371 216 3416 cum
239 3349 388 3430 sequenti
413 3373 438 3425 ε,
462 3376 481 3434 η
506 3357 537 3415 et
560 3374 590 3414 τι
612 3350 677 3413 iam
700 3347 755 3412 diu
777 3355 853 3414 ante
868 3348 1023 3415 Herodoti
1045 3357 1184 3416 aetatem
1200 3369 1272 3414 oon-

140 3453 246 3513 tracta
262 3454 320 3526 est,
344 3466 403 3512 nec
425 3468 490 3511 non
507 3448 642 3512 aliarum
657 3445 815 3510 vocalium
832 3448 1066 3513 contractiones
1080 3447 1271 3528 invenimus,

141 3544 252 3612 adhuc
274 3545 444 3608 recentiori
460 3543 531 3609 Iadi
554 3564 682 3626 prorsus
706 3543 890 3625 denegatus.
929 3545 980 3610 Ad
995 3543 1162 3609 vitandum
1177 3545 1270 3610 trium

140 3642 196 3708 vel
221 3641 359 3724 plurium
381 3642 540 3705 vocalium
563 3660 750 3706 concursum
774 3640 869 3706 Iones
895 3660 1022 3724 semper
1043 3641 1110 3708 fere
1132 3649 1272 3707 contrac-

140 3741 265 3805 tionem
288 3738 457 3804 admisisse
479 3738 638 3804 videntur.

232 3837 403 3901 Praeterea
424 3837 458 3900 in
481 3837 615 3919 singulis
637 3836 818 3914 nonnullis,
841 3841 875 3900 ut
897 3835 931 3899 in
954 3860 971 3898 ν
994 3837 1180 3918 paragogici
1201 3857 1272 3919 usu,

143 3935 303 4002 dialectos
326 3933 552 3998 multominus
581 3934 664 3999 inter
686 3953 721 3999 se
744 3931 887 4014 differre,
918 3952 1012 4015 quam
1042 3933 1185 4018 vulgaris
1213 3934 1274 4000 fert
