2828 4776
145 339 204 402 120
621 342 789 412 Siegismund

141 523 227 583 recte
248 515 298 579 illi
313 515 512 597 grammatici
534 514 638 598 ipsam
660 514 848 581 metathesis
871 515 936 579 vim
960 522 991 580 et
1013 522 1160 581 naturam
1175 507 1249 581 intol-

67 617 69 620 ’
141 612 289 694 lexerint,
313 632 384 677 oum
406 612 490 677 hanc
511 611 689 677 litterarum
704 613 905 678 affectionem
921 632 992 678 cum
1008 614 1171 678 nominum
1185 634 1250 679 con-

141 711 301 795 positione
324 708 444 793 duplici
465 709 560 774 modo
583 711 668 775 lacta
689 717 785 792 atque
808 708 891 775 adeo
914 729 984 775 oum
1011 711 1174 776 schemate
1196 711 1250 791 illo,

143 808 229 892 quod
251 807 478 891 prothysteron
502 805 625 889 dicitur,
650 807 839 873 conferrent.
876 808 924 872 Αθ
939 808 1252 874 Lobeckiusminine

141 907 175 972 in
198 925 236 971 eo
258 911 344 971 recte
366 904 450 986 lecit,
473 904 558 986 quod
573 903 737 988 Apollonii
760 905 942 970 auctoritati
963 912 1088 970 tantum
1111 906 1207 986 cessit,
1223 910 1255 969 ut

142 1004 176 1068 in
204 1022 274 1086 cap.
303 1000 359 1065 IV.
394 1000 445 1065 ‘de
478 1001 649 1068 metathesi
680 1002 910 1086 synthetorum'
938 1003 1106 1086 ,agendum
1136 1009 1255 1087 putaret.

142 1100 212 1165 Iam
250 1119 314 1164 non
350 1096 531 1163 mirandum
569 1106 632 1181 est,
670 1099 755 1181 quod
788 1099 837 1163 illi
870 1100 968 1165 variis
999 1101 1171 1183 generibus
1201 1120 1255 1165 non

143 1196 317 1277 distinctis,
348 1215 434 1272 oum,
468 1194 544 1277 quid
571 1196 684 1279 lingua
711 1197 881 1263 admittere
903 1198 1075 1281 potuisset,
1109 1196 1184 1280 quid
1201 1217 1255 1262 non

142 1293 308 1378 potuisset,
324 1293 380 1357 vix
390 1300 590 1375 quaererent,
607 1295 777 1361 metathesi
786 1295 868 1361 sicut
878 1296 1077 1378 pleonasmo‚
1090 1295 1255 1378 epembasi,

142 1392 216 1458 aliis
246 1410 326 1473 quas
348 1392 533 1457 statuebant
554 1391 779 1457 affectionibus
800 1392 844 1457 ad
865 1393 1033 1457 verborum
1056 1392 1195 1474 origines
1212 1411 1257 1457 er-

142 1489 312 1573 plioandas
334 1507 446 1570 parum
470 1496 556 1556 reete
577 1488 627 1553 usi
649 1508 687 1553 ao
709 1509 807 1572 saepe
828 1488 920 1555 abusi
936 1495 1019 1554 sunt.
1056 1489 1111 1555 Sic
1126 1488 1256 1555 Eustath.

147 1588 216 1668 143,
240 1588 277 1649 21
309 1583 431 1649 tradit:
453 1582 567 1669 λοιγός
596 1584 719 1668 (pestis)
748 1587 843 1671 παρὰ
870 1584 909 1650 τὸ
942 1581 1055 1670 ὀλίγος
1083 1592 1256 1670 μεταθέσει

143 1688 204 1747 τοῦ
227 1706 244 1746 o
268 1679 314 1758 ὥς
338 1695 442 1768 φασιν
467 1681 500 1746 οἱ
522 1683 665 1748 παλαιοί
688 1734 717 1750 ..
733 1687 771 1751 E.
787 1686 829 1750 Μ.
847 1689 875 1766 6,
892 1687 932 1748 53
950 1707 957 1748 ι
973 1675 1100 1767 ἆνλέγώ
1118 1686 1174 1750 καλ
1189 1676 1253 1749 καθ’

143 1774 402 1862 ὑπερβιβασμὸν
424 1775 571 1862 ἀγγέλλω
594 1787 706 1867 τροπῇ
728 1788 787 1860 τοῦ
814 1807 832 1846 ν
857 1780 906 1859 εἰς
929 1784 1121 1865 γ..’213,9
1147 1805 1154 1848 :
1179 1775 1258 1864 παρὰ

143 1875 182 1941 τὸ
206 1881 323 1963 φέρβω
352 1881 482 1960 γίνεται
515 1883 643 1964 φέρβθς
676 1880 733 1944 καὶ
766 1878 850 1943 κατὰ
879 1877 1068 1961 μετάθεσιν
1099 1883 1258 1960 στοιχείων

145 1979 324 2060 βρέφος..
348 1993 430 2057 quae
452 1980 615 2057 tamqnam
638 1977 854 2060 etymologiae
882 1983 1026 2042 monstra
1054 1977 1184 2060 probari
1203 1995 1258 2041 non

144 2091 240 2157 posse
261 2071 326 2137 iam
356 2072 543 2138 Lobeokius
571 2082 656 2140 recte
685 2074 912 2139 animadvertit
943 2075 992 2153 (ol.
1021 2095 1053 2157 p.
1085 2076 1158 2138 490.
1188 2075 1259 2149 514).

144 2173 176 2238 Is
199 2177 317 2252 autem,
341 2189 412 2235 cum
434 2189 558 2236 summo
579 2171 701 2255 ingenii
716 2173 863 2238 acumine
878 2171 950 2238 illos
966 2177 1142 2255 superaret,
1165 2177 1258 2235 tamen

144 2276 244 2335 totam
266 2287 333 2334 rem
356 2287 422 2332 non
443 2268 489 2332 ita
510 2275 545 2333 nt
567 2267 659 2334 nohis
682 2268 778 2335 hodie
806 2269 923 2350 requiri
949 2268 1093 2350 videtur,
1123 2266 1259 2347 absolvit,

145 2367 220 2449 quia
242 2366 357 2449 spretis
386 2365 616 2449 grammaticae
644 2367 884 2449 comparativae
911 2363 1080 2449 praesidiis
1108 2365 1144 2430 in
1175 2371 1260 2430 meta

144 2464 244 2531 thesis
277 2470 462 2528 naturam
495 2469 528 2529 et
559 2464 757 2530 rationem
789 2484 854 2528 nou
886 2463 1067 2546 inquisivit,
1102 2461 1137 2527 id
1169 2478 1261 2546 paene

145 2562 248 2628 solum
267 2566 402 2641 secutus,
425 2567 460 2624 ut
481 2561 665 2626 testimonia
679 2561 966 2644 grammaticorum,
990 2577 1073 2643 quae
1088 2578 1169 2625 sane
1182 2557 1260 2624 utilia

145 2658 239 2724 nobis
263 2663 294 2749 ot
315 2658 455 2724 maxime
476 2659 659 2726 necessaria
680 2666 769 2741 sunt,
793 2663 980 2740 congereret
1000 2662 1097 2738 atque
1120 2657 1155 2722 in
1177 2675 1260 2740 quen-

146 2755 222 2821 dam
245 2754 390 2820 ordinem
412 2755 581 2840 redigeret.
625 2757 695 2822 Etsi
717 2774 793 2821 vero
816 2762 943 2838 praeter
961 2753 1160 2819 Lobeokium
1182 2749 1261 2820 multi

146 2853 187 2919 de
209 2852 344 2936 singulis
367 2853 524 2935 exemplis
547 2852 698 2918 dixerunt
720 2859 752 2919 et
773 2854 922 2918 nonnulli
944 2849 1104 2936 quaedam
1121 2851 1162 2918 de
1176 2856 1260 2918 meta-

132 2952 230 3018 'thesi
257 2951 291 3015 in
320 2949 503 3016 universum
536 2956 744 3033 monuerunt,
782 2971 861 3033 quos
893 2950 977 3015 inira
1008 2948 1260 3024 commemorabo,

146 3057 255 3116 tamen
277 3053 402 3112 tantum
424 3048 532 3129 abest,
555 3054 590 3112 ut
611 3047 692 3112 haec
713 3066 766 3113 res
788 3047 852 3112 iam
874 3046 917 3112 ad
939 3046 1096 3130 liquidum
1119 3047 1262 3130 perducta

146 3149 202 3229 sit,
236 3150 271 3210 ut
304 3164 370 3210 non
398 3144 468 3210 sine
495 3143 597 3210 fructu
625 3145 804 3210 accuratius
830 3144 865 3209 in
893 3163 964 3210 eam
992 3142 1174 3226 inquisituri
1203 3153 1265 3211 esse

145 3245 322 3311 videamur.
536 3309 550 3328 ,ι
617 3262 621 3265 ’

232 3342 351 3407 Nostra
371 3338 468 3421 igitur
483 3339 524 3404 de
541 3340 712 3406 metathesi
727 3338 901 3422 disputatio
917 3357 955 3404 eo
971 3344 1117 3420 spectare
1133 3332 1270 3406 debebib

146 3444 181 3502 ut
213 3442 367 3519 congesta
400 3436 486 3500 omni
515 3472 556 3481 -
585 3456 680 3518 quam
713 3434 843 3519 quidem
875 3437 1049 3519 poterimus
1076 3472 1118 3480 -
1142 3428 1278 3502 materia

147 3535 253 3602 fines
277 3533 464 3600 metathesis
494 3539 525 3598 et
552 3534 667 3615 leges
700 3534 764 3599 vel
796 3535 959 3616 regulas
988 3532 1162 3616 quasdam,
1195 3534 1284 3616 quas

146 3632 259 3715 lingua
281 3649 397 3714 graeca
419 3631 453 3695 in
478 3631 647 3696 metathesi
676 3637 784 3697 secuta
812 3631 867 3712 sit,
897 3630 1125 3696 describamus.
1170 3631 1289 3711 (lusu11

147 3729 191 3794 ad
212 3748 279 3795 rem
303 3726 365 3792 duo
388 3726 588 3810 potissimum
610 3729 793 3795 necessaria
815 3734 923 3794 erunt:

221 3817 369 3907 ¹primum
393 3829 423 3902 (ξ
441 3827 471 3900 2)
491 3825 532 3891 de
553 3824 654 3908 ipsius
678 3824 856 3891 affectionis
879 3825 919 3889 vi
942 3833 980 3890 et
1001 3832 1146 3891 natura
1168 3833 1205 3892 et
1225 3811 1297 3884 (1Ε

150 3921 298 4004 causis,
332 3921 448 4004 quibus
479 3941 518 3987 ea
548 3921 616 3988 fieri
648 3923 801 4005 potuerit,
836 3941 1026 4006 quaeramus
1055 3941 1186 3990 necesse
1208 3907 1288 3988 est
