2828 4776
232 340 294 405 208
712 346 881 416 Siegismund

232 520 336 602 magis
358 519 537 586 cavendum
560 529 617 603 est,
640 541 682 591 ne
704 521 781 604 quid
802 521 962 586 incautius
977 542 1035 604 pro
1051 527 1139 586 certo
1155 519 1345 603 affirmemus,

133 704 136 709 Ι
235 637 337 699 eoque
364 619 469 686 acrius
498 619 700 700 enitendum,
730 629 780 701 ut,
811 619 917 702 quoad
944 618 1012 685 ficri
1040 618 1074 683 id
1104 619 1233 701 poterit,
1257 627 1345 684 certas

233 715 391 796 quasdam
420 718 560 783 rationes
593 723 837 800 cognoscamus,
867 717 1016 799 quoniam
1040 716 1186 798 linguam
1210 736 1346 798 graecam

232 813 266 877 in
288 813 349 878 hoc
370 815 556 880 metathesis
577 834 680 896 genus
702 815 807 881 minus
827 815 1001 880 inclinasse
1015 814 1180 897 paucitate
1196 816 1347 898 exemplo·

233 931 302 974 rum
331 912 510 995 apparebit.
561 912 674 994 Neque
703 933 779 978 vero
809 933 889 995 opus
918 919 966 978 est
994 912 1117 991 omnia,
1149 930 1235 994 quae
1256 933 1346 994 gram·

234 1008 341 1073 matici
369 1010 579 1092 protulerunt,
602 1009 791 1092 singillatim
819 1010 969 1075 refutare.
1019 1010 1104 1074 Nam
1133 1020 1162 1075 e.
1184 1029 1217 1091 g.
1243 1008 1345 1094 ἱλαρός

232 1107 366 1172 laetus
382 1114 413 1172 et
427 1105 544 1192 λιαρός
559 1105 726 1189 tepidus
744 1128 810 1171 non
826 1101 941 1171 ordine
953 1107 1142 1187 litterarum,
1158 1114 1193 1171 nt
1209 1107 1345 1174 Eustath.

234 1208 284 1285 46,
309 1208 327 1265 5
350 1211 475 1285 censet,
506 1203 563 1269 sed
591 1210 657 1268 toto
685 1223 805 1285 genere
827 1204 957 1270 differre
978 1205 1043 1269 iam
1065 1206 1251 1272 Lobeckius
1272 1215 1345 1272 recte

232 1301 412 1384 perspexit3
445 1301 641 1367 Doederlino
670 1321 746 1366 vero
769 1302 823 1382 qui
845 1302 879 1365 in
900 1304 998 1384 gloss.
1021 1303 1106 1367 hom.
1129 1305 1230 1380 §356
1252 1305 1344 1387 μῆλον

232 1418 272 1464 ex
301 1396 444 1480 ἄμαλόν,
474 1397 637 1485 νηκερδής
665 1419 706 1464 ex
734 1395 935 1485 ἀνακερὸής,
967 1397 1102 1485 ῥήσσειν
1125 1400 1291 1487 (ῥήγνυμι)
1312 1423 1346 1468 ex

232 1493 394 1579 ἀράσσειν
422 1503 500 1562 nata
527 1504 634 1579 putat,
664 1516 749 1561 nunc
777 1516 871 1561 nemo
900 1496 1126 1582 adstipuletur,
1173 1500 1349 1566 Lobeckius

231 1602 338 1659 autem
362 1593 402 1660 de
424 1594 615 1677 quibusdam
638 1596 804 1660 vocabulis
826 1614 892 1657 non
913 1600 1000 1660 recte
1022 1597 1142 1675 statuit,
1166 1617 1238 1662 cum
1254 1598 1355 1681 pristi—

233 1691 284 1756 nis
313 1711 422 1756 eorum
451 1693 559 1758 formis
582 1691 738 1773 neglectis
760 1692 883 1757 litteras
905 1693 1044 1758 initiales
1066 1702 1278 1761 commutatas
1293 1717 1359 1778 pu-

232 1794 324 1868 taret,
348 1789 402 1854 ubi
424 1789 635 1856 intermediae
657 1795 870 1854 commutatae
892 1798 975 1867 sunt,
999 1799 1033 1855 ut
1054 1780 1091 1856 iri
1104 1790 1193 1876 ἔρδω
1220 1828 1257 1838 -
1270 1793 1359 1878 ῥέζω

231 1886 341 1952 arad.
364 1910 445 1972 fcpy
469 1889 519 1961 (of.
549 1908 646 1970 supra
675 1889 694 1965 ἓ
719 1887 764 1967 1),
796 1883 960 1971 ἀρνός-
983 1887 1084 1972 p‘qva
1113 1898 1152 1955 sl.
1175 1915 1281 1974 saper
1301 1890 1362 1968 (of.

232 1987 347 2061 §lin
374 1990 435 2060 12).
545 2011 548 2021 ·
1019 1994 1041 2068 i,
1212 1988 1216 1993 “

317 2083 383 2150 Sed
405 2091 440 2148 ut
462 2084 520 2148 illa
541 2083 720 2161 mittamus,
750 2082 783 2146 iu
806 2083 867 2147 hoc
889 2084 1088 2171 potissimum
1109 2105 1230 2166 genere
1252 2086 1368 2150 omnis

233 2179 402 2247 difficultas
431 2183 465 2246 in
495 2201 533 2247 eo
561 2182 667 2263 posita
695 2187 759 2260 est,
791 2179 892 2261 quod,
923 2181 977 2245 ubi
999 2182 1033 2245 in
1055 2183 1189 2247 vocibus
1212 2183 1370 2266 cognatis

231 2277 316 2343 aliae
345 2279 476 2361 linguae
503 2280 601 2343 aliam
629 2279 807 2343 litterarum
830 2279 1074 2344 collocationem
1096 2282 1264 2363 praebent,
1286 2301 1377 2346 sae‘

230 2375 313 2457 pius,
330 2396 412 2457 quae
423 2378 465 2441 sit
475 2376 578 2442 forma
590 2376 771 2458 originaria,
785 2375 924 2442 discerni
940 2377 994 2440 uix
1016 2385 1131 2460 potest.
1155 2380 1269 2461 ltaque
1283 2394 1375 2443 cura

317 2473 342 2535 Ι.
366 2473 584 2554 quaerendum
599 2474 650 2555 sit,
673 2474 706 2537 in
728 2475 843 2556 quibus
865 2474 990 2555 graecis
1010 2476 1177 2541 vocabulis
1199 2475 1377 2542 vocalis

230 2569 373 2651 liquidae
394 2572 448 2636 vel
478 2572 584 2636 nasali
612 2571 796 2654 praeposita
828 2571 886 2652 sit,
924 2592 989 2636 non
1021 2572 1163 2637 alienum
1195 2573 1377 2640 videbitur

231 2667 329 2733 etiam
351 2687 390 2732 ea
412 2669 561 2750 exempla
582 2689 777 2752 proponere,
801 2668 856 2733 ubi
870 2667 961 2733 -falsa
982 2675 1106 2743 tantum
1122 2671 1248 2754 species
1262 2670 1368 2758 luins

231 2765 416 2830 mutationis
439 2766 552 2848 oritur,
585 2786 656 2831 cum
687 2768 795 2850 potius
818 2767 950 2848 linguae
982 2775 1139 2849 cognatae
1171 2768 1365 2851 liquidae

230 2864 284 2927 vel
306 2864 463 2929 nasalis
485 2863 745 2946 anticipationem
768 2863 965 2929 admiserint.

316 2961 387 3025 Huc
408 2961 548 3044 pertinet
569 2957 711 3046 ἀρκ-έω,
741 2958 842 3046 ἀλκ-ή
865 2993 908 3012 ==
929 2962 984 3025 lat.
1015 2981 1138 3032 arc-co,
1164 2985 1243 3035 urm,
1274 2963 1352 3044 agis·
1404 3044 1406 3051 Ι

231 3057 371 3141 cclpjca,
410 3058 531 3142 clpjun,
570 3079 641 3123 curn
674 3061 707 3123 in
739 3060 851 3123 lituan.
873 3057 993 3120 calciati
1023 3060 1233 3141 claudere,
1270 3053 1345 3142 quod

230 3155 363 3220 Fickius
385 3177 416 3238 p.
435 3161 472 3220 15
496 3162 581 3222 recte
603 3158 665 3223 huo
686 3157 805 3222 referre
826 3148 962 3235 videtur,
987 3163 1018 3220 et
1041 3157 1074 3220 in
1097 3177 1156 3222 scr.
1179 3150 1243 3221 rull
1264 3155 1342 3239 liqui-

231 3252 305 3317 dam
327 3253 534 3337 anticipatam
558 3274 628 3319 esse
650 3254 824 3319 verisimile
853 3255 903 3320 sit.
948 3251 1041 3331 Quod
1073 3254 1100 3318 si
1132 3262 1220 3321 recte
1251 3251 1339 3321 statu
1402 3296 1406 3338 ς

230 3371 316 3431 mus,
350 3351 386 3415 in
414 3349 520 3432 ἀλέξω
551 3372 694 3434 quoque,
732 3353 821 3417 cuius
849 3376 864 3416 ε
888 3351 1046 3434 anaptyxi
1069 3350 1225 3417 inscrtum
1257 3351 1336 3426 esti),
1403 3376 1405 3379 ·

230 3449 383 3531 pristinus
404 3450 584 3514 litterarum
607 3449 685 3514 ordo
707 3457 862 3530 servatus,
889 3449 923 3513 in
946 3468 1003 3514 scr.
1020 3446 1116 3510 rarsi
1132 3455 1271 3514 mutatus
1284 3453 1336 3522 est3
1401 3503 1406 3536 ,

230 3545 311 3610 haec
327 3547 419 3628 enim
440 3546 482 3610 ad
505 3547 572 3611 rad.
592 3545 651 3608 ord
672 3569 687 3608 s
709 3547 816 3611 littera
839 3554 965 3610 auctam
987 3544 1150 3612 redeunt'
1169 3545 1258 3611 *Cum
1277 3561 1335 3609 vero
1402 3618 1406 3627 ,

301 3789 331 3845 ⁸⁷)
351 3788 463 3843 Fickius
481 3806 507 3856 p.
531 3792 575 3841 163
595 3789 683 3843 minus
702 3795 776 3842 recte
795 3785 906 3847 ἇ-λὲξ-ιυ
926 3787 1028 3853 scribit,
1048 3787 1125 3856 quasi
1145 3809 1162 3839 u
1172 3785 1334 3858 protheticnn

233 3873 259 3920 et
283 3866 325 3926 λεξ
349 3885 398 3936 pro
425 3868 514 3922 *reus
537 3868 655 3936 positum
690 3870 731 3923 sit.
756 3868 790 3922 V.
807 3869 958 3923 Walterum
976 3869 1032 3922 KZ.
1057 3870 1097 3923 XI
1123 3874 1180 3924 428.
1210 3869 1280 3923 Ourt.
1301 3863 1335 3917 Ei

233 3963 259 4015 p.
281 3952 336 4002 123.
