2828 4776
180 384 182 391 ·
224 352 287 415 348
695 352 891 422 Chalkiopulos

225 529 362 596 eundem
385 528 419 592 in
442 547 513 591 σσω
537 525 657 591 exitum
679 524 856 606 habebant,
879 523 980 589 rerba
998 524 1200 590 emollienda
1214 527 1352 593 valuisse

224 624 491 694 verisimillimum
514 629 572 688 est.

311 810 440 873 Tenues
462 814 588 871 veteres
609 805 653 868 in
668 801 806 868 dialecto
828 803 1009 868 neolocriua
1031 823 1132 888 saepe
1147 806 1181 871 in
1196 808 1355 890 spirantes

225 913 389 971 mutantur
411 904 455 987 (κ,
473 927 510 982 ιτ,
531 927 551 964 τ
565 933 607 951 --
619 926 650 982 χ,
657 900 692 983 s,
709 905 758 976 θ).
802 899 928 965 Medius
950 900 1052 967 huius'
1066 905 1223 970 transitus
1240 908 1356 989 gradus

225 1005 285 1069 fuit
305 1001 459 1087 aspiratio
482 999 644 1080 tenuium,
668 1017 763 1079 quam
786 1017 936 1062 sonorum
961 998 1215 1068 deminutionem
1238 1005 1356 1072 habeu-

227 1101 302 1167 dam
325 1088 399 1167 esse
418 1119 516 1182 supra
539 1097 688 1161 diximus.
732 1093 804 1173 Qua
824 1095 968 1178 perfecta
981 1097 1149 1165 affrieatae
1164 1101 1251 1182 oriri,
1275 1104 1356 1169 affri-

225 1206 318 1264 eatae
340 1203 448 1262 autem
470 1196 504 1260 in
518 1194 682 1260 fricativas
700 1193 770 1258 sive
785 1192 944 1276 spirantes
962 1198 1151 1262 commutari
1172 1209 1356 1283 coeperunt.

226 1293 312 1362 Ordo
335 1296 432 1378 igitur
453 1293 664 1358 mutationum
687 1290 739 1355 hie
761 1290 820 1356 fuit

635 1403 952 1487 ιιιιχχ

512 1502 953 1567 ἸῑῑῙιῑθθ

632 1599 961 1687 rrirss·

226 1720 277 1783 Ex
298 1717 424 1799 legibus
446 1717 546 1797 enim,
578 1735 662 1798 quae
690 1716 724 1779 in
752 1716 866 1799 lingua
893 1737 1013 1807 graeca
1038 1718 1164 1798 valent,
1196 1718 1357 1786 fricativas

227 1815 334 1880 statim
361 1833 402 1878 ex
423 1813 502 1896 ipsis
525 1813 702 1897 explosivis
731 1820 818 1880 ortas
840 1833 912 1880 esse
940 1834 1070 1897 prorsus
1101 1816 1291 1899 negandum
1313 1826 1357 1884 est

228 1913 279 1988 (ef.
304 1912 390 1977 Ourt.
414 1912 464 1976 ul.
487 1931 518 1994 p.
542 1913 604 1977 386
627 1917 659 1976 et
682 1913 767 1987 405).

196 2074 198 2078 ὗ
266 2102 303 2173 a)
348 2095 368 2156 t
390 2095 429 2158 in
450 2118 471 2174 χ
493 2099 671 2158 mutatur
693 2093 939 2176 praesertim
961 2099 1057 2159 ante
1078 2117 1098 2157 τ
1120 2101 1159 2160 et
1179 2095 1311 2162 initio

535 2190 635 2257 etin
659 2189 802 2256 mediis
824 2192 1056 2282 vocabulis:

314 2341 414 2422 κτίζω
441 2343 476 2408 in
495 2343 594 2424 xtt'zo,
623 2346 724 2423 κτείς,
753 2341 870 2420 κτενός
891 2345 925 2409 in
945 2344 1048 2424 χιόνι,
1068 2344 1213 2424 χίικιίνο,
1239 2345 1354 2413 δάκτυ-

228 2442 286 2518 λος
308 2441 342 2505 in
366 2440 529 2520 ddxtilotn)
554 2443 735 2522 (neutrum),
764 2436 870 2520 ἀκτίς,
898 2453 969 2518 ῖνος
991 2440 1026 2506 iu
1048 2441 1156 2521 αχιίδα
1180 2442 1214 2523 (d
1236 2465 1296 2528 pro
1317 2450 1353 2525 ν),

229 2535 317 2602 ὀκτώ
334 2538 368 2602 in
385 2538 457 2618 οχιό
477 2544 536 2603 eet.
574 2539 707 2605 Passov.
724 2539 838 2623 Popul.
855 2539 959 2605 Caum.
976 2538 1031 2605 Gr.
1054 2540 1164 2605 affert:
1188 2542 1357 2622 αχιίκινιῐί

231 2641 290 2711 (ex
318 2632 437 2698 ἀκτῖνα
469 2633 634 2716 βάλλειν),
674 2635 810 2717 direptos
841 2657 899 2720 pro
930 2636 1086 2714 ὄίσεκτος
1118 2637 1175 2703 lat.
1209 2638 1354 2703 discretus.

229 2733 327 2797 Porro
342 2732 377 2795 in
393 2731 540 2797 omnibus
562 2730 731 2799 adieetivis
753 2732 938 2799 verbalibus
960 2733 995 2798 iu
1006 2735 1078 2814 χιόι
1092 2754 1150 2817 pro
1167 2734 1257 2819 κτός,
1283 2759 1310 2804 e.
1328 2758 1354 2820 g.

229 2830 355 2910 ινιχιόι
376 2850 434 2912 pro
456 2827 609 2913 βρικτός,
633 2829 740 2911 ὁιχτόι
755 2851 812 2914 pro
830 2828 958 2910 δεκτός,
983 2832 1104 2911 ωιίχιόι
1118 2852 1176 2916 pro
1193 2830 1354 2911 ἄνοικτὸς.

315 2927 401 2992 Ante
422 2950 455 2991 r:
500 2927 616 3006 lixm'zo
639 2948 697 3011 pro
719 2926 870 3007 λικνίζω,
901 2927 1015 3010 ὂ]’όχιιο
1038 2948 1096 3011 pro
1120 2928 1244 3010 διώκω,
1269 2931 1355 3014 dexto

230 3043 288 3107 pro
316 3022 469 3105 δείκνυμι
498 3031 558 3090 cet.
602 3024 728 3090 Similia
757 3032 831 3090 sunt
858 3025 892 3089 in
918 3025 1065 3090 Passovii
1093 3046 1189 3092 earm.
1213 3031 1354 3112 popular.

229 3121 319 3186 velut
347 3121 451 3201 ννίχκι·
478 3143 537 3206 pro
568 3116 728 3206 εὑρίσκει.
772 3123 946 3188 Praeterea
973 3121 1094 3189 ibidem
1126 3131 1202 3191 ante
1232 3127 1356 3193 vocales

230 3218 416 3282 Xasdndrr‘a
430 3217 731 3305 pro'Kauuivdpstu,
747 3220 847 3301 ιἰχίοκ
866 3239 923 3303 pro
938 3217 1051 3285 ἰ’σκιον
1066 3219 1182 3298 (σκιά),
1195 3222 1290 3304 χάΙῒι
1305 3243 1355 3310 pro

231 3314 366 3395 κόπτω,
391 3317 551 3400 ντίχαῖίκο
582 3337 623 3383 ex
644 3315 795 3398 ψεκάζω.
840 3317 946 3383 Etiam
968 3324 1045 3384 ante
1067 3342 1110 3383 rc:
1140 3320 1275 3405 θχράγίκ
1305 3340 1355 3406 pro

232 3410 381 3501 ἒκτιάγην
406 3434 447 3480 ex
469 3412 647 3500 ἒξειτάγην.

481 3584 520 3659 b)
564 3607 584 3647 τ
605 3587 644 3648 in
668 3589 710 3649 3:
733 3583 858 3648 initio
881 3582 1111 3648 verborum:

233 3817 236 3829 Ι
316 3733 430 3815 drdfa·
448 3734 618 3820 brosz'pro
634 3741 761 3822 τρέφω,
783 3732 906 3821 τροφή.
948 3734 1072 3801 Theod.
1089 3737 1189 3819 Kind,
1200 3735 1354 3821 '„Anth01.

230 3850 342 3914 neugr.
366 3831 516 3904 Volksl.“
537 3834 636 3917 daftd
659 3854 716 3917 pro
739 3831 848 3919 ταφώ.
892 3836 1021 3902 Fauriel
1048 3857 1081 3920 p.
1097 3835 1204 3902 Oarm.
1221 3835 1355 3903 unedre-

110 3994 113 4003 ,
228 3926 314 4011 filum
336 3950 394 4012 pro
417 3926 602 4018 ἀνετράφη.
