2828 4776
143 360 205 423 302
659 360 761 414 Erman

142 560 188 604 εω
211 533 294 614 exit,
324 552 420 614 quam
442 531 702 597 terminationem
724 530 941 615 praecedente
963 531 1071 598 vocali
1092 531 1129 597 in
1152 554 1179 595 ω
1202 550 1273 596 con-

140 639 276 700 tractam
300 648 370 696 esse
392 649 489 713 supra
510 628 649 694 vidimus
672 631 715 712 (p.
740 628 806 712 73).
1016 688 1019 694 ,

226 727 403 795 Genetivus
417 730 566 807 Μανίτα,
583 725 637 807 qui
652 725 747 791 bisin
761 726 862 792 titulis
874 725 1116 810 Mylasensibus
1129 725 1273 808 occurrit,

141 828 292 914 dorismo,
315 824 370 906 qui
384 824 513 906 saepius
528 823 562 888 in
577 822 642 888 illis
657 829 802 906 apparet,
818 822 1009 890 tribuendus
1024 831 1089 904 est;
1114 822 1272 906 quomodo

141 932 250 992 antem
273 921 313 988 de
336 919 450 988 eadem
472 920 567 986 huius
588 920 730 1003 genetivi
751 922 943 989 formatione
963 922 998 987 in
1020 921 1124 988 titulis
1148 921 1272 1004 quibus-

142 1021 226 1104 dam,
250 1018 477 1087 recentissimis
499 1018 539 1084 iis
561 1017 707 1100 quidem,
736 1018 863 1087 insulae
885 1020 987 1086 Thasi
1009 1019 1108 1086 obvia
1131 1017 1272 1084 iudican-

141 1119 218 1184 dum
241 1117 291 1199 sit,
314 1117 349 1181 in
370 1116 477 1181 medio
499 1115 654 1197 relinquo.
692 1115 856 1183 Habemus
879 1117 965 1183 enim
985 1116 1123 1184 formam
1138 1121 1271 1201 Χαιρέα

142 1219 206 1299 (23,
239 1219 287 1279 14.
320 1217 371 1290 15)
401 1220 433 1279 11
461 1217 600 1279 Hordea
630 1216 693 1294 (23,
726 1218 788 1291 14).
833 1213 963 1280 Ionicae
991 1221 1078 1281 certe
1107 1234 1181 1282 esse
1209 1215 1272 1280 non

141 1319 288 1397 possunt,
319 1309 507 1395 praesertim
530 1330 601 1376 cum
623 1309 658 1375 in
678 1311 905 1378 vetustioribus
926 1311 1028 1378 titulis
1050 1311 1184 1379 Thasiis
1206 1311 1272 1377 vul·

141 1430 237 1494 gares
259 1409 381 1473 tonnae
403 1408 529 1475 ionicae
550 1407 583 1471 in
607 1430 652 1472 sco
675 1409 864 1492 saepissime
886 1408 1044 1491 legantur.

228 1503 413 1572 Notandum
436 1512 500 1588 est,
522 1504 704 1586 titulorum,
727 1506 762 1570 in
784 1507 899 1590 quibus
921 1507 1138 1589 inveniuntur,
1167 1513 1272 1572 aetate

141 1605 285 1687 linguam
307 1603 372 1668 iarn
394 1603 534 1668 maxime
556 1601 654 1668 fuisse
677 1601 904 1686 depravatam,
927 1624 997 1670 cum
1019 1625 1086 1669 non
1110 1602 1221 1670 desint
1241 1604 1272 1668 in

140 1699 257 1767 iisdem
271 1701 532 1784 inscriptionibus
547 1701 689 1783 genetivi
704 1700 850 1784 stirpium
871 1701 905 1766 in
921 1726 942 1765 α
961 1701 1149 1769 exeuntium
1163 1721 1272 1768 secun·

142 1798 220 1863 dum
236 1798 382 1880 stirpium
396 1799 430 1862 in
445 1818 604 1863 consonas
619 1798 805 1864 exeuntium
820 1800 1005 1882 analogiam
1020 1799 1150 1865 formati
1175 1799 1273 1878 (velut

141 1893 370 1979 Πυθαγόρευς
398 1898 449 1977 23,
475 1897 524 1972 14)
553 1900 586 1961 11
614 1902 725 1961 contra
750 1895 864 1961 harum
886 1897 1028 1979 genetivi
1056 1897 1091 1962 iu
1123 1920 1162 1960 ov
1195 1895 1274 1963 desi·

141 1998 257 2059 nentes
280 1991 381 2066 (velut
402 1991 623 2076 Πολυκράτου
647 1997 698 2075 23,
725 1996 786 2071 15).

228 2093 257 2155 3.
305 2087 448 2153 Geneticc‘
464 2090 602 2174 pluralis
622 2090 657 2155 in
678 2090 779 2156 titulis
802 2097 971 2157 occurrunt
986 2093 1182 2177 Νυ[μ)φέων
1207 2087 1271 2175 (17)

141 2193 174 2254 11
202 2184 474 2273 Άμφιπολιτέων
504 2190 567 2268 (25,
591 2192 634 2258 4).
678 2189 804 2254 Titulus
833 2188 973 2254 Iasensis
999 2192 1068 2267 (37)
1106 2190 1172 2255 iam
1205 2207 1275 2254 con-

142 2291 279 2351 tractum
300 2284 449 2349 πολιτιῦν
472 2285 613 2350 exhibet.

229 2388 258 2447 4.
304 2382 342 2445 In
366 2381 471 2444 dativo
492 2382 629 2466 planabis
657 2384 824 2465 vulgarem
855 2383 1011 2449 habemus
1038 2382 1270 2464 formationem,

147 2481 182 2544 in
205 2500 268 2562 qua
290 2479 387 2560 stirps
409 2478 536 2544 adiecta
557 2481 663 2545 vocali
687 2505 698 2544 ι
720 2479 918 2565 amplificata
939 2487 996 2545 est.
1041 2479 1108 2546 Sed
1128 2505 1150 2544 o
1172 2481 1208 2546 in
1230 2487 1271 2546 at·

142 2577 206 2642 tica
229 2576 367 2640 dialecto
390 2584 568 2660 correptum
590 2578 622 2642 in
647 2578 727 2642 Iade
748 2577 782 2642 in
805 2603 824 2664 η
848 2584 1005 2643 mutatum
1027 2583 1094 2659 est,
1119 2579 1171 2642 cui
1194 2577 1271 2643 illud

144 2698 157 2738 ι
172 2673 385 2755 subscriptum
406 2673 598 2740 invenimus.
636 2676 782 2740 Alterum
799 2699 821 2758 ι,
847 2675 881 2739 in
896 2674 982 2758 quod
996 2674 1183 2741 terminatio
1200 2677 1270 2757 exit,

143 2769 231 2854 apud
252 2772 349 2836 Ionas
372 2789 498 2855 semper
518 2771 671 2837 intactum
694 2772 860 2838 habemus.
903 2772 992 2838 Haec
1022 2770 1086 2837 duo
1116 2773 1152 2838 in
1176 2773 1272 2839 titulis

144 2874 272 2934 exstant
295 2869 459 2952 exempla:
483 2861 560 2955 ᾖσιν
584 2872 646 2950 (13,
671 2872 733 2951 36),
757 2867 942 2955 Νύμφῃσιν
966 2872 1041 2946 (19).

215 3229 233 3302 ξ
260 3228 309 3287 17.
354 3226 413 3291 DE
436 3221 996 3387 DECLINngllglqlglIlIlJfiTIRPIUM
1017 3225 1066 3290 IN
1089 3249 1108 3289 o
1132 3228 1207 3293 EX-

232 3532 258 3591 1.
303 3527 342 3591 ln
365 3524 581 3591 declinatione
611 3524 758 3608 stirpium
786 3523 820 3588 in
843 3547 861 3588 o
885 3523 1070 3590 exeuntium
1091 3523 1202 3591 ionica
1233 3525 1271 3588 ab
1323 3576 1324 3580 ¹

145 3625 244 3697 attica
266 3622 402 3689 dialecto
425 3643 490 3686 una
511 3627 635 3686 tantum
658 3621 760 3687 forma
782 3620 899 3687 differt.

231 3721 345 3785 Datioi
370 3718 454 3785 enim
478 3719 613 3802 pluralis
646 3718 823 3809 pleniorem
852 3719 1114 3784 terminationem
1139 3741 1175 3785 σι
1199 3722 1271 3799 (σιν)

146 3818 243 3884 Iones
272 3815 364 3883 etin
393 3817 443 3882 his
472 3816 623 3898 stirpibus
652 3823 792 3883 servant.
837 3815 875 3880 In
899 3815 1001 3897 quinti
1023 3815 1146 3884 saeculi
1176 3815 1270 3883 titulis

146 3913 181 3979 hi
203 3918 371 3980 occurrunt
397 3911 513 3978 dativi:
