2828 4776
144 359 205 421 360
614 362 811 432 Chalkiopulos

192 535 251 600 III.
296 536 353 601 De
376 534 618 618 quibusdam
641 556 659 596 v
683 543 715 600 et
737 540 765 599 θ
787 536 1022 602 litterarum
1045 535 1217 600 immuta·

612 633 803 699 tionibus.

232 754 260 828 1)
306 753 503 836 Explosivae
524 757 547 835 (l
567 751 700 836 linguae
721 752 840 818 veteris
866 753 901 817 in
924 751 1063 818 dialeoto
1079 743 1201 816 'looriea
1218 771 1254 816 re-

145 847 283 933 spondet
303 849 463 916 interdum
485 850 539 917 vel
554 849 593 933 j,
622 850 676 915 vol
698 858 774 915 ante
797 872 814 912 e
836 857 868 916 et
890 872 909 912 a
931 873 961 933 y,
989 849 1025 914 id
1055 855 1105 915 est
1126 849 1255 915 irieativa

145 946 203 1011 illa
223 948 353 1029 veleris,
376 947 465 1013 euius
487 955 637 1013 naturam
660 948 794 1014 Deffner
816 947 907 1014 Stud.
929 948 994 1013 vol.
1011 947 1058 1012 IV
1073 968 1106 1030 p.
1123 950 1181 1011 241
1199 967 1256 1029 sqq.

143 1051 291 1110 aoeurate
320 1044 497 1128 descripsit.
542 1045 595 1111 Sio
623 1067 681 1128 pro
710 1046 837 1128 vulgari
872 1046 965 1108 Volat
1003 1051 1012 1116 t
1023 1045 1158 1122 Βῶλος,
1195 1045 1257 1110 urbs

142 1142 343 1217 Thessaliae)
360 1143 537 1209 Locrenses
554 1143 654 1228 asotos
676 1145 729 1209 vel
744 1144 833 1227 yolus
849 1143 968 1224 dieunt,
990 1161 1049 1226 pro
1064 1142 1148 1221 adpo
1164 1139 1256 1224 (βόαξ,

143 1238 227 1321 βῶξ)
251 1239 337 1323 palpo
356 1240 425 1305 sive
439 1240 534 1324 jaipo,
557 1263 616 1324 pro
638 1243 808 1304 voroorizo
831 1240 1003 1324 yoryorr'zo
1025 1240 1178 1325 (Hesyelr.
1190 1245 1258 1323 (lep

125 1334 299 1421 Ιβορίζω),
334 1358 526 1421 quamquam
553 1339 615 1403 hoe
636 1339 770 1404 verbum
792 1339 889 1405 otiam
913 1343 953 1403 ex
975 1345 1085 1404 vetere
1108 1361 1258 1421 κορκορυ-

142 1437 208 1515 γέω
232 1433 371 1501 derivari
393 1443 499 1519 petest
529 1456 587 1518 pro
609 1436 697 1498 ariolo
732 1433 803 1519 (lat.
825 1434 949 1521 subula)
972 1435 1072 1518 styla,
1099 1456 1157 1518 pro
1181 1436 1257 1500 θὶἱυο

144 1526 285 1617 (θλίβω)
313 1534 393 1617 slr'yo
423 1532 476 1619 (of.
499 1557 531 1618 p.
555 1533 643 1620 352),
672 1555 730 1618 pro
759 1531 926 1617 βουδόρος
955 1531 1104 1616 yddarus.
1115 1536 1135 1611 ¹)
1179 1533 1258 1598 Hune
1294 1552 1296 1557 ·

142 1628 312 1694 transitum
341 1631 525 1697 olefactum
550 1652 620 1698 esse
643 1631 795 1714 arbitror,
824 1639 859 1696 ut
880 1653 898 1694 o
920 1631 1090 1696 fricativae
1101 1631 1125 1714 j
1145 1631 1259 1696 litterae

145 1745 242 1791 sonus
269 1726 483 1804 adhaereret,
517 1731 571 1812 qui
600 1748 671 1794 eum
699 1730 825 1813 utrique
854 1730 981 1794 litterae
1018 1728 1068 1793 vis
1103 1728 1259 1812 explosiva

142 1841 271 1905 prorsus
293 1825 430 1905 deesset,
454 1847 519 1891 non
541 1833 668 1911 poterat
690 1827 865 1893 dlitteram
881 1844 1060 1911 procreare,
1085 1826 1145 1891 sed
1168 1826 1259 1908 magis

142 1921 308 2004 magisque
329 1923 375 1989 ita
396 1924 587 2006 praevaluit,
612 1931 647 1989 ut
669 1947 687 1987 o
709 1945 840 2009 prorsus
863 1930 1080 1991 evanesceret.

133 2104 136 2111 .
227 2023 258 2094 2)
303 2020 427 2101 θὶηχ
455 2029 596 2087 mutatae
625 2023 776 2107 exempla
804 2023 885 2088 haee
913 2029 1002 2088 sunt:
1030 2022 1110 2086 loor.
1135 2020 1259 2101 gliserts

141 2134 198 2199 pro
221 2122 331 2184 vetere
354 2116 527 2202 θλιβερός,
551 2119 728 2203 θλίβομαι,
758 2121 891 2200 χΙίυοηιε
912 2119 990 2203 epir.
1012 2119 1147 2209 gla‘aome
1170 2126 1202 2184 et
1214 2117 1258 2204 fla-

142 2233 242 2286 vome,
271 2216 391 2296 pavere
415 2223 447 2282 et
459 2216 596 2301 flirerd,
628 2237 821 2300 quamquam
846 2218 943 2282 etiam
966 2218 1057 2280 alive
1081 2223 1189 2282 exstat
1217 2214 1257 2299 (ot

144 2317 181 2376 T.
204 2316 269 2394 Χρ.
293 2310 475 2378 Χασιώτου
500 2314 641 2402 συλλογὴ
666 2321 731 2379 τῶν
756 2313 840 2380 κατὰ
863 2313 925 2400 τὴν
941 2308 1108 2396 Ἤπειρον
1132 2312 1257 2399 δημοτι-

142 2415 209 2473 κῶν
232 2406 412 2495 ᾀσμάτων),
442 2418 535 2478 vetus
565 2411 683 2498 πάθνη
709 2411 849 2500 (patra)
872 2413 971 2495 vulgo
1001 2418 1033 2477 et
1058 2412 1178 2478 loeriee
1197 2431 1256 2495 pop·

143 2507 241 2581 atlon)
265 2507 389 2589 dieitur,
419 2504 632 2589 ἄναπωθέω,
669 2507 864 2591 ἆμπωθέω,
896 2509 1073 2591 amttam,
1110 2508 1255 2588 ambdxro

144 2591 267 2689 ἦλθον,
297 2606 379 2686 ίνχα,
418 2607 513 2688 aguda
544 2628 601 2690 pro
631 2605 746 2690 ἀτμός.
793 2607 991 2674 Crediderim
1021 2608 1117 2676 huius
1147 2627 1257 2694 quoque

143 2702 295 2767 transitus
324 2722 453 2769 eausam
482 2705 580 2772 fuisse
594 2707 619 2791 j
645 2707 801 2786 litteram,
832 2726 915 2789 quae
944 2725 1015 2771 eum
1042 2711 1071 2771 θ
1101 2709 1257 2773 coniuncta

142 2818 200 2883 per
221 2801 484 2868 assimilationem
507 2804 541 2868 in
561 2828 582 2884 χ
604 2804 771 2884 transiret,
801 2803 940 2886 denique
961 2824 1038 2869 eam
1056 2805 1206 2886 litteram,
1227 2822 1257 2870 er

143 2917 206 2979 qua
227 2898 319 2980 quasi
341 2909 509 2983 proereata
530 2909 587 2983 est,
614 2902 770 2984 paulatim
794 2903 1022 2984 exstingueret.

608 3126 746 3199 ‚tl-

184 3253 237 3317 De
251 3254 431 3326 ,lobr'oliamo
454 3264 484 3317 et
507 3256 690 3320 (leratalirmo
712 3278 861 3321 sonoram
885 3257 1053 3341 duplicium
1079 3259 1098 3337 ξ
1120 3267 1151 3320 et
1171 3256 1214 3320 alr.

227 3406 382 3473 Similiter
409 3414 505 3490 atque
532 3408 568 3496 in
595 3409 706 3493 lingua
734 3418 842 3476 vetere
877 3430 918 3475 ex
945 3409 1055 3475 radiae
1091 3408 1170 3494 olrap
1204 3426 1255 3472 non

143 3505 237 3571 modo
262 3530 350 3573 σκεπ
374 3505 559 3593 (σκεπάζω)
590 3514 621 3571 et
651 3508 841 3573 sanseritum
864 3505 1030 3590 lestap-as
1057 3507 1253 3591 progignitur,

142 3603 200 3669 sed
223 3607 318 3671 etiam
342 3618 417 3692 ψεφ
441 3609 510 3689 (pro
528 3602 636 3689 paup),
666 3604 751 3687 quod
779 3604 813 3668 in
845 3609 962 3690 ψέφας
992 3605 1189 3690 eonspioitur
1214 3599 1254 3688 (el.

214 3792 231 3855 ¹)
265 3791 381 3844 Formas
398 3804 470 3844 nuno
489 3790 660 3858 pervulgatae
677 3789 755 3856 yltpo
773 3804 822 3857 pro
837 3788 936 3855 βλέπω,
954 3787 1141 3859 glavatsapro
1151 3786 1252 3858 ῥλήχων,

144 3885 161 3924 a
177 3872 312 3926 veteribus
330 3871 423 3925 formis
440 3871 572 3939 gutturali
588 3870 780 3938 incipientibus
799 3868 970 3925 deducendas
989 3884 1050 3924 esse
1068 3870 1190 3927 arbitror.
1220 3864 1251 3921 dt

145 3950 220 4005 Curt.
239 3952 282 4006 El.
301 3954 345 4006 Et.
365 3955 423 4018 438,
443 3952 590 4017 (Theocrit.
609 3952 642 4018 V,
661 3968 685 4005 r.
704 3956 736 4005 56
754 3949 884 4020 γλάχων).
