2828 4776
157 88 216 149 154
632 89 802 160 Siegismuud
841 106 845 113 ’

150 259 301 340 Ἐνιπεύς
321 263 378 343 ιι1)
400 269 509 329 monet
534 262 644 346 itaque
671 259 839 347 ἄστραλός
867 264 966 330 etiam
996 263 1033 330 in
1064 261 1180 331 suffixo
1209 263 1374 337 sum-

153 361 209 427 lut.
231 369 359 425 suemus
379 378 555 445 oongruere
576 361 698 427 statuit.
856 370 859 374 “

239 463 290 525 29.
315 463 496 543 στροῦθος
508 456 635 525 (lurlrus
660 479 692 542 p
715 463 778 525 650
800 459 945 545 Benieyo
966 465 1099 530 sumere
1119 478 1194 526 oum
1213 467 1351 545 got—

153 577 278 642 oparoo,
301 555 409 622 theod.
431 576 527 640 sporo
549 557 692 622 contulit.
738 557 783 624 st.
761 566 928 641 turpev—
911 562 977 622 -θο
1000 554 1116 623 suffixo
1139 555 1360 625 demun—-

153 654 219 721 tivo
233 660 330 722 sueta
344 672 363 719 e
377 651 539 737 *orpora
562 659 668 738 *στορ
670 679 727 718 -fo
750 662 783 721 et
805 677 855 721 σιτ
874 656 909 721 in
932 678 972 764 oa
989 674 1085 722 verso
1106 674 1126 722 θ
1148 653 1352 741 *σπορ-

153 777 193 818 ro
215 761 286 819 orta
307 753 482 818 videtur.-

238 854 289 917 30
314 848 522 935 δράσσομαι,
546 846 693 935 δράχμη,
717 847 850 934 δράγμα
872 850 958 917 unde
980 849 1077 916 dueta
1097 850 1181 933 siut,
1203 871 1342 917 nou—

153 948 229 1014 dum
258 948 337 1014 satis
367 953 501 1013 constat.
546 945 723 1024 Quominus
745 966 816 1012 oum
838 948 952 1014 Fiolrio
974 955 1018 1031 (p.
1040 950 1094 1024 89)
1116 968 1178 1016 sor.
1201 947 1337 1011 durh

152 1046 300 1130 ligere,
334 1045 511 1129 affigere
543 1050 715 1126 cognatum
745 1051 907 1129 putemus,
942 1047 995 1112 rel
1025 1066 1096 1113 oum
1125 1046 1201 1113 allis
1221 1065 1334 1112 sor·-

150 1144 233 1228 prol
246 1145 317 1211 sim.
340 1143 383 1209 ad
406 1142 543 1209 eandem
554 1141 721 1224 originem
737 1161 933 1225 revocemus,
955 1143 1137 1228 impediunt
1150 1142 1288 1210 formas>
1306 1189 1337 1217 ‚

153 1260 236 1326 quae
260 1266 279 1306 κ
301 1242 438 1322 habent,
470 1238 554 1324 δράξ
574 1259 647 1322 gen.
671 1237 814 1322 δρακ-ός
835 1260 965 1323 manus,
998 1238 1135 1325 δάρκες·
1160 1240 1266 1324 δέσμα
1281 1261 1339 1303 ι

154 1339 295 1424 (proprie
323 1339 493 1421 manipuli)
522 1337 661 1421 Hesyoh.
706 1337 812 1416 Quare
838 1338 964 1405 Curtius
991 1359 1024 1422 p.
1047 1341 1110 1402 449
1139 1337 1334 1404 radieen

155 1436 239 1523 δρακ
263 1455 333 1503 esse
355 1436 468 1517 stanno
487 1435 615 1500 oollalis
643 1435 756 1501 lituan.
780 1435 910 1520 rial-ti
924 1435 1142 1519 colligere,
1169 1435 1328 1505 νωδὰ,

152 1536 276 1602 sloven.
299 1533 379 1618 rqloo
401 1552 549 1598 manus.
593 1530 686 1611 Quod
709 1534 737 1598 si
758 1541 845 1600 reete
866 1534 984 1599 laetum
1006 1540 1065 1615 est,
1088 1541 1200 1601 tamen
1216 1550 1333 1600 uon

152 1631 278 1713 dubito,
312 1631 389 1714 quin
418 1622 570 1713 primaria
591 1629 711 1697 radicis
732 1630 835 1697 forma
858 1630 1070 1716 δαρκ1ιιιιιί1.
1113 1632 1175 1698 Est
1196 1631 1332 1698 enirn

152 1737 279 1814 praeter
303 1724 425 1812 δάρκες
446 1728 528 1793 illud
542 1729 649 1793 uooali
663 1728 807 1811 liquidae
821 1729 1006 1812 praeposita
1024 1726 1159 1812 δάρχμα
1179 1729 1332 1795 forma

154 1834 283 1895 servata
314 1828 349 1892 in
381 1826 521 1892 dialeoto
544 1825 703 1891 Aroadioa
736 1827 841 1892 lineor.
865 1829 942 1908 Τις.
974 1826 1025 1892 ed.
1046 1826 1219 1896 Miohaelis
1232 1827 1332 1915 ‚in

151 1925 311 1993 Fleckeis.
335 1927 418 1990 Ann.
439 1927 515 1989 1861
542 1945 573 2006 p.
591 1927 662 2006 585,
686 1945 716 1987 v.
734 1928 776 1988 23
790 1931 822 1990 et
839 1926 903 2001 39.)
926 1928 959 1989 et
980 1923 1068 2007 apud
1083 1924 1330 2010 Hesyohimn

153 2020 301 2109 δάρχμη·
339 2020 468 2106 δράχμη
505 2022 632 2104 legitur.
676 2021 746 2086 Hau
782 2028 890 2087 autem
926 2021 1036 2103 glossa
1071 2023 1162 2091 nisus
1200 2025 1332 2090 belle

152 2121 313 2203 Bergkius
347 2119 477 2203 δάρχμη
510 2119 645 2183 formam
678 2119 825 2203 primitus
856 2119 953 2184 etiam
981 2118 1097 2185 Atticis
1131 2121 1331 2188 mitam

153 2217 252 2284 luisse
280 2218 416 2284 oonieoit
437 2222 484 2293 et,
514 2236 585 2281 oum
613 2216 903 2282 innumerabilibus
930 2216 1010 2282 loeis
1038 2217 1127 2300 prior
1153 2219 1331 2304 syllaba

154 2312 282 2401 δράχμη
313 2313 462 2380 vocabuli
491 2320 638 2396 correpta
667 2321 767 2396 esset,
805 2315 852 2380 eis
880 2315 1072 2381 comicorum
1098 2315 1194 2399 loeis,
1226 2315 1281 2381 ult
1294 2304 1333 2369 ἱ

151 2411 308 2496 prodnota
335 2411 512 2492 videretur,
540 2412 752 2494 antiquiorem
780 2412 871 2477 illam
893 2412 1333 2480 1οιιιιιιιιιιθι111ιιθιιι1ιιί1
1407 2432 1412 2490 1

154 2531 226 2577 esse
240 2510 362 2592 statuit,
385 2510 473 2574 velut
488 2509 651 2591 Aristoph.
668 2510 766 2592 Vesp.
782 2514 854 2592 689,
877 2510 952 2576 Pao.
971 2514 1063 2591 1209,
1086 2510 1172 2576 Ρ1ιι1.-
1190 2515 1290 2577 roll»
1330 2546 1335 2560 ·

153 2607 191 2672 V.
226 2607 389 2672 ‘Zeitsohn
422 2606 458 2700 1.·
479 2606 507 2671 d.
538 2607 714 2672 Alterthw!
752 2611 832 2674 1835
866 2629 897 2691 p.
921 2611 984 2673 322
1005 2627 1074 2690 sqq.
1107 2615 1141 2674 et
1172 2608 1212 2674 oi.
1240 2608 1338 2674 δί·

133 2703 352 2771 'Dindorfium
372 2705 407 2769 in
429 2705 540 2788 Steph.
563 2705 659 2770 Thes.
683 2724 708 2771 s.
732 2726 762 2770 v.
900 2720 903 2727 ’

236 2807 286 2867 31.
311 2800 427 2886 δρέπω
457 2822 528 2867 oum
550 2802 656 2868 Pottio
679 2802 731 2867 11²
753 2806 815 2867 464
843 2802 887 2867 ad
908 2802 976 2867 rad.
1000 2803 1060 2864 dor
1088 2801 1305 2887 (1ιιδ1ρειιν
1334 2836 1341 2864 ι

152 2900 239 2967 unde
261 2901 358 2966 etiam
380 2898 535 2983 δρύπτω,
558 2900 597 2964 of.
620 2899 704 2963 infra
727 2902 746 2978 ξ
770 2904 800 2972 71
823 2926 851 2964 π
872 2900 980 2966 littera
1001 2890 1131 2966 anetam
1153 2920 1289 2967 revoca.
1324 2920 1342 2931 ⁴

150 2999 263 3064 verim.
308 2998 441 3063 Fiokius
463 3020 495 3081 p.
522 3001 602 3062 1929
627 2994 757 3080 δόρπον
780 3032 822 3043 -
843 2997 899 3061 ubi
920 2997 1082 3079 antiquior
1102 2999 1341 3064 litteratura

151 3095 228 3161 ordo
251 3103 398 3161 servatus
420 3095 546 3161 videtur
571 3113 642 3160 esse
664 3130 706 3141 —
728 3092 967 3178 et'rlopiolmm
997 3094 1069 3177 lpro'
1089 3094 1339 3179 *δαρεδιερκ

151 3199 237 3270 nom)
270 3200 356 3258 reete
388 3192 453 3258 illis
486 3191 631 3257 adiecit.¹
658 3190 751 3271 Quod
780 3190 906 3256 Curtius
927 3192 949 3255 l.
972 3193 994 3255 l.
1016 3191 1160 3260 radicem
1179 3192 1338 3278 opat

150 3291 333 3357 labialismo
355 3311 373 3356 e
397 3289 479 3372 δρακ
510 3288 605 3372 (δαρκ
633 3310 664 3353 v.
693 3295 727 3355 ιι.
749 3292 802 3365 30)
831 3288 989 3371 prodiisse
1018 3288 1137 3370 voluit,
1160 3287 1332 3365 -nesoiG

150 3408 192 3452 an
214 3408 279 3453 non
302 3389 407 3454 minus
429 3387 598 3470 probabile
620 3385 730 3452 videat
717 3394 783 3467 tur,
815 3406 885 3451 oum
909 3385 1048 3469 δρέπειν
1070 3386 1200 3470 proprie
1218 3385 1326 3449 for*

150 3492 236 3550 tasse
259 3485 340 3549 siout
327 3485 472 3550 t-lituan.
495 3483 595 3546 reolcn'
616 3435 816 3565 colligabo
839 3483 1074 3566 significaverit.

236 3585 286 3645 32.
312 3580 502 3666 δρωπάζειν
526 3580 845 3663 oiroumspioere
862 3581 1027 3666 (Hesyoh.)
1044 3575 1309 3676 1111111190

151 3697 222 3742 oum
244 3697 303 3742 ser
330 3679 410 3763 dorp
399 3679 661 3756 rf‚lammare
696 3678 839 3756 dorpuou
868 3679 1024 3760 oeulos,
1058 3669 1166 3761 theod.
1187 3665 1302 3755 zois?
