2828 4776
144 113 205 175 156
616 115 785 184 Siegismnnd

141 288 325 354 nominibus
357 287 495 371 propriis
529 293 565 353 ut
596 284 916 372 Θαρσο-πτάλεμος,
952 285 1168 371 Θαρσά-τα-ς
1188 291 1265 370 alt)

143 392 175 452 ot
196 384 351 470 Hesychii
372 385 481 467 glossa
502 383 651 470 θαρσάς·
673 381 912 471 τεθαρρηκώς,
945 383 1080 469 θρασύς
1101 387 1265 472 probatnr3

144 505 206 567 quo
236 481 394 549 accedunt
420 483 558 566 vestigia
587 480 746 564 quaedam
773 482 807 546 in
838 481 930 547 libris
951 484 1083 566 msam),
1116 485 1266 567 equibus

143 581 288 647 conicere
310 581 386 646 licet
406 581 441 644 in
462 577 596 663 θαρσάς
617 616 659 625 -
683 577 817 663 θρασύς
839 579 925 644 idem
946 580 1066 646 factum
1089 601 1163 648 osse
1179 589 1269 664 atque

142 680 176 744 in
200 676 328 763 δαρχμή
352 713 393 723 -
417 675 557 765 δραχμή,
579 682 615 741 ut
635 676 737 741 forma
758 681 886 741 vetusta
907 677 948 742 ab
970 678 1050 762 ipsis
1065 679 1268 764 scriptoribus

143 776 290 842 adhibita
316 794 334 841 e
362 776 538 858 posteriore
566 774 720 857 loquendi
753 774 983 840 consuetudine
1010 777 1044 840 in
1077 776 1171 842 libris
1203 777 1281 842 sub-

142 880 356 939 moverentur.
401 873 435 939 Si
458 873 536 956 quid
556 872 669 949 video,
699 871 761 936 hoc
783 872 912 937 omnino
934 873 1027 938 nobis
1048 873 1156 956 magis
1178 893 1276 955 quam

141 969 253 1035 adhuc
268 970 387 1035 factum
410 978 459 1036 est
480 968 678 1053 sequendum
702 969 778 1050 erit,
810 976 845 1033 ut
873 970 1030 1035 eiusmodi
1058 971 1286 1053 antiquiorum

142 1067 316 1133 formarum
338 1069 476 1151 vestigia
497 1067 585 1153 apud
608 1068 779 1152 scriptores
794 1066 918 1133 Atticos
941 1072 1089 1134 accurate
1104 1088 1287 1136 conserve—

141 1185 212 1231 mus
235 1172 276 1247 et,
299 1165 355 1230 ubi
376 1164 411 1229 id
433 1172 519 1231 recto
540 1163 608 1230 fieri
630 1164 794 1245 videatur,
817 1164 1035 1246 restituamus,
1063 1186 1128 1248 qua
1150 1166 1300 1232 ration&

142 1263 186 1328 ad
207 1264 290 1328 alios
312 1263 493 1346 scriptores,
516 1263 649 1327 Latinos
664 1261 874 1344 potissimum,
898 1261 1120 1328 emendandos
1137 1264 1292 1328 multum

141 1361 203 1425 hoc
225 1367 368 1445 temporo
391 1360 543 1425 collatum
566 1378 638 1425 esso
658 1358 815 1424 videmus.

231 1461 259 1522 2.
282 1455 417 1541 θάρσος
454 1457 541 1541 apud
576 1457 750 1522 Homerum
787 1453 922 1539 θράσος
956 1455 1060 1520 forma
1095 1457 1298 1522 recentiore

143 1556 243 1621 semel
265 1560 405 1620 mutatur
425 1554 458 1624 Ξ
478 1557 557 1618 416:
583 1553 641 1618 τὸν
665 1551 698 1618 δ’
732 1549 839 1637 οὕπερ
873 1551 943 1633 ἔχει
974 1551 1109 1637 θράσος
1145 1549 1184 1630 ὅς
1217 1577 1292 1620 κεν

143 1651 268 1740 ἴδηται.
314 1651 392 1717 Cum
414 1671 489 1717 voro
518 1652 580 1716 hoo
607 1652 678 1717 loeo
706 1649 840 1734 θράσος
867 1650 1104 1732 fortitudinem,
1139 1649 1296 1735 θάρσος·

146 1755 177 1812 m
200 1753 262 1814 395
271 1750 304 1829 ⁵¹)
326 1749 559 1835 impudentiam
582 1748 748 1832 significet,
774 1757 941 1831 utramque
962 1748 1098 1813 formam
1121 1767 1188 1812 non
1210 1750 1296 1814 iant

141 1846 188 1912 ita
210 1854 244 1912 ut
265 1854 379 1930 postea
401 1847 530 1912 differre
551 1854 697 1931 apparet.
744 1848 949 1932 Θαρραλέος,
972 1850 1113 1930 θαρσέω
1129 1881 1171 1892 -
1186 1848 1296 1930 θαρ-

144 1949 210 2028 ρέα
244 1945 303 2026 al.,
333 1965 416 2028 quae
438 1966 480 2029 ρσ
502 1945 678 2011 litterarum
701 1945 933 2010 assimilatione
954 1943 1126 2009 metathesi
1148 1945 1295 2010 resiste-

143 2042 237 2124 bant,
262 2049 294 2107 et
314 2041 510 2107 fortitudinis
533 2049 565 2107 ct
585 2042 806 2125 impudentiae
832 2040 955 2106 notioni
977 2040 1166 2107 inserviunt.

229 2143 259 2204 3.
281 2139 378 2222 Apud
393 2139 517 2204 Atticos
538 2137 672 2222 θράσος
695 2146 727 2205 et
747 2136 882 2223 θάρσος
904 2138 1027 2204 formae
1040 2138 1087 2203 ita
1102 2137 1294 2204 distinctae>

143 2243 226 2315 sunt,
249 2242 284 2299 ut
297 2236 357 2300 illa
370 2236 404 2300 in
419 2236 539 2300 malam
552 2243 687 2321 partem,
710 2236 791 2301 haec
811 2236 844 2300 in
860 2235 978 2300 bonam
992 2242 1117 2318 partem
1132 2236 1283 2318 valeret;

144 2353 226 2414 quae
241 2353 293 2398 ros
308 2340 385 2398 nota
401 2340 449 2398 est
464 2353 569 2416 nequo
584 2334 741 2416 exemplis
756 2341 839 2416 eget.
863 2333 910 2398 ef.
921 2334 1006 2398 Plut.
1021 2333 1135 2398 moral.
1156 2355 1188 2417 p.
1200 2335 1284 2396 449.

230 2432 280 2493 35.
304 2425 413 2512 θρόνα
428 2434 477 2506 (Χ
490 2434 567 2495 441:
591 2428 627 2496 ἒν
650 2429 687 2496 δὲ
711 2429 822 2513 θρόνα
840 2427 973 2495 ποικίλ’
990 2429 1166 2510 ἔπασσεν),
1188 2428 1291 2513 quod.

145 2533 194 2592 est
215 2546 274 2611 pro
297 2523 401 2609 τρόνα
423 2561 465 2570 -
488 2526 526 2591 ef.
543 2528 700 2611 Hesych.:
724 2526 842 2611 τράνα·
867 2524 956 2614 licta
981 2527 1103 2593 καὶτὰ
1125 2527 1164 2594 ἐκ
1184 2550 1291 2612 xpm-

143 2622 259 2706 μάτων
275 2623 480 2703 ποικίλματα
495 2659 537 2668 -
553 2625 781 2692 eonferendum
797 2632 845 2691 est
859 2645 931 2690 cum
947 2645 1005 2690 scr.
1020 2635 1123 2703 imo-s
1137 2625 1281 2709 herba,

143 2728 206 2804 got.
231 2720 369 2793 thauros,
394 2723 516 2787 sloven.
539 2727 643 2795 troico,
666 2744 696 2788 v.
721 2723 806 2789 Gurt.
828 2744 860 2806 p.
884 2725 957 2786 456.

230 2823 280 2884 36.
304 2819 470 2884 Nonnulla
498 2826 572 2885 sunt
599 2822 759 2887 vocabula
780 2842 801 2886 a
822 2820 891 2885 rad.
918 2818 1026 2902 indog.
1050 2819 1139 2904 port
1168 2821 1284 2900 duca,

144 2937 227 3000 quae
262 2917 344 2982 valli
380 2919 433 2982 vel
470 2918 626 2983 maculosi
662 2919 776 2984 eoloris
813 2919 975 2984 notionem
1012 2917 1188 2983 continent.
1232 2916 1279 2980 V.

212 3067 245 3133 ⁴⁹)
265 3084 299 3134 ρσ
316 3066 509 3121 assimilatione
527 3067 555 3120 in
573 3086 606 3134 ρρ
625 3082 701 3122 verso
720 3070 761 3131 (ut
778 3069 806 3120 in
823 3067 934 3136 θαρρέω
949 3069 977 3120 et
988 3066 1058 3131 sim.)
1075 3065 1285 3136 &apori-papo·

144 3152 186 3202 est
211 3149 240 3202 in
263 3149 344 3202 inser.
365 3148 496 3212 Theraea,
519 3165 543 3201 v.
562 3147 707 3202 Kirohhoff
728 3148 814 3202 ‘Stuci
833 3165 856 3200 z.
874 3147 964 3214 gesch.
985 3147 1008 3200 d.
1027 3163 1067 3214 gr.
1087 3147 1176 3215 alph.’
1193 3164 1219 3216 p.
1236 3150 1265 3199 ct

143 3234 211 3293 not,
241 3229 346 3283 aeolica
372 3228 496 3281 videntur
524 3231 671 3295 Θερσίτης,
699 3226 854 3297 Ἁλιθέρσης
880 3228 938 3281 sim.
985 3227 1048 3280 Alia
1074 3229 1184 3282 nomina
1210 3242 1278 3281 cunr.

143 3314 247 3379 θαρσο-
265 3309 416 3378 composito.
432 3310 516 3363 habes
534 3309 562 3362 in
575 3310 713 3364 Benseleri
723 3310 820 3364 lexico.
830 3339 863 3348 -
874 3306 1094 3379 llarspmoolrus
1104 3307 1280 3364 Riucheliuc

142 3406 169 3460 p.
187 3395 236 3444 541
256 3390 372 3444 evidenti
390 3390 546 3444 coniectura
562 3389 683 3443 quenali
699 3389 769 3455 (Vll,
787 3393 846 3452 toll
864 3387 991 3443 restituit.

212 3472 244 3536 ⁵⁰)
262 3469 384 3539 Thucyd.
397 3469 456 3536 VH,
469 3474 500 3521 lt
520 3467 592 3525 ἐλπὶς
611 3475 729 3540 θαρσεῖα
749 3473 796 3521 τοῦ
814 3469 959 3539 μέλλοντος
978 3466 1037 3521 cdd.
1056 3467 1136 3535 longe
1152 3464 1271 3537 plurimi,

143 3564 176 3603 ac
194 3549 272 3604 testis
290 3550 436 3605 estThom.
456 3550 706 3618 Mag.p.180,1R.
734 3551 875 3604 Belrlrerus
893 3550 926 3602 al.
947 3550 1067 3617 θρασεῖα
1085 3545 1272 3602 correxerunt.

213 3631 245 3694 ⁵¹)
262 3629 338 3683 Haec
356 3636 420 3684 sunt
436 3631 532 3685 verba:
563 3627 643 3681 Τι’πτ’
666 3621 738 3693 αὖτ’,
767 3623 788 3681 ὦ
814 3630 964 3698 κυνάμυια,
994 3626 1077 3684 θεοὺς
1102 3625 1174 3696 ἔριδι
1198 3629 1278 3686 ξονσ-

143 3704 249 3765 λαάνεις
264 3712 267 3779 Ι
284 3708 391 3779 θάρσος
410 3706 494 3773 άητον
512 3709 650 3779 ἔχουσα..
