2828 4776
765 375 868 430 Erman

358 697 375 766 ξ
402 693 433 753 9.
476 690 535 754 DE
557 688 672 754 ALIIS
694 686 917 755 VOGALIUM
939 686 1280 756 MUTATIONIBUS.

341 850 368 907 1.
413 840 492 907 (ium
515 840 670 907 Herodoti
692 840 819 907 eodioes
840 860 969 925 semper
989 841 1058 907 fere
1080 839 1184 927 ἔρσην
1209 862 1266 925 pro
1285 841 1364 906 attico

254 938 369 1027 ἅρσην,
393 936 497 1025 ἅῤῥην
519 938 677 1015 habeant,
704 939 751 1003 ita
777 945 811 1003 ut
832 939 888 1002 vix
909 938 1050 1004 dubitari
1077 939 1198 1022 possit,
1228 938 1301 1022 quin
1319 939 1366 1002 illa

253 1060 331 1106 vera
353 1040 394 1104 sit
415 1037 518 1102 forma
531 1034 725 1116 Herodotea‚
748 1043 926 1101 memoratu
941 1037 1074 1119 dignum
1089 1043 1148 1117 est,
1171 1035 1258 1118 quod
1279 1032 1364 1120 ἄρσεν

253 1139 287 1203 in
308 1137 401 1202 titulo
423 1133 643 1216 1111111119),
668 1133 778 1214 quinto
801 1135 931 1200 saeoulo
953 1135 1083 1217 scripto,
1106 1133 1279 1200 invenitur.

338 1237 365 1297 2.
409 1231 550 1297 Dubium
574 1237 638 1313 111,
667 1237 773 1295 utrum
796 1250 874 1297 vera
900 1231 1003 1296 torma
1023 1231 1212 1298 retentionis
1234 1231 1319 1297 [adis
1336 1232 1366 1296 sit

141 1351 144 1356 ·
219 1355 221 1360 ·
253 1329 323 1398 atet
344 1350 387 1395 an
410 1325 474 1394 ἀεί.
520 1329 570 1394 Ne
600 1331 679 1394 haee
708 1328 837 1410 quidem
866 1329 1012 1411 quaestio
1040 1348 1082 1395 ex
1109 1328 1277 1394 titulorum
1297 1329 1366 1395 testi-

252 1428 369 1495 moniis
391 1426 560 1492 diiudioam‘
588 1431 704 1510 potest.
748 1426 836 1491 Inter
865 1447 976 1493 omnes
1004 1428 1090 1492 enim
1117 1427 1205 1493 sexti
1229 1434 1261 1493 et
1282 1426 1367 1509 quinti

254 1526 375 1593 saeouli
396 1524 622 1607 inscriptiones
644 1544 709 1588 una
731 1529 855 1588 tantum
871 1523 1112 1591 Halioarnassia
1135 1528 1199 1607 (21,
1217 1528 1270 1600 37)
1292 1544 1367 1590 voea-

153 1687 155 1692 ,
255 1626 366 1690 bulum
388 1628 532 1688 nostrum
554 1621 663 1702 habet,
687 1614 745 1686 sed
766 1629 833 1685 tam
854 1622 940 1687 male
962 1630 1135 1703 servatum,
1159 1629 1195 1686 ut
1217 1621 1369 1686 diiudicari

139 1783 141 1787 Α
254 1729 403 1804 nequeat,
427 1727 499 1785 utra
520 1717 622 1783 forma
645 1720 721 1783 olim
743 1721 776 1784 in
799 1719 910 1803 lapide
932 1720 1036 1809 fuerit.
1076 1719 1156 1785 Cum
1178 1720 1267 1785 enim
1289 1719 1369 1785 hodie

253 1819 334 1884 nihil
350 1820 494 1900 legamus
509 1817 571 1882 nisi
587 1820 626 1880 A
683 1820 821 1896 ΗΝΔΕ,
837 1824 869 1912 et
884 1837 955 1885 eum
970 1837 989 1883 e
1004 1816 1229 1900 magnitudine
1241 1819 1369 1896 lacunae,

254 1936 336 1999 quae
363 1914 534 1982 intersedit
563 1917 648 1979 inter
676 1915 817 1980 litteram
844 1919 883 1978 A
904 1923 938 1982 et
964 1916 1165 1998 subsequens
1193 1915 1369 1981 voeabulun

255 2009 306 2100 ἤν,
330 2034 396 2079 non
415 2033 472 2097 pro
488 2019 574 2078 certo
595 2019 762 2095 appareat,
786 2020 890 2078 utrum
906 2013 990 2079 duae
1004 2034 1048 2077 an
1070 2021 1136 2079 tres
1157 2013 1192 2077 in
1209 2033 1250 2079 ea
1271 2013 1369 2077 inerint

253 2112 393 2192 litterae,
417 2112 477 2176 viri
493 2109 589 2189 docti,
613 2110 667 2192 qui
683 2109 809 2174 titulum
825 2110 1005 2192 ediderunt,
1025 2112 1142 2195 partim
1158 2106 1248 2192 11111),
1271 2110 1369 2194 partim

253 2206 347 2288 altat]
371 2209 587 2274 restituerunt.
631 2206 725 2271 Illam
747 2207 882 2272 formam
898 2207 1075 2289 Kirohhoff‚
1099 2209 1185 2274 hane
1200 2209 1329 2294 Sauppe
1346 2213 1368 2272 et

257 2307 396 2372 Newton
418 2306 453 2369 in
466 2312 589 2370 textum
611 2313 809 2387 receperunt.
853 2304 944 2383 Quae
958 2326 1030 2370 oum
1047 2307 1094 2371 ita
1115 2307 1191 2388 sint,
1215 2306 1369 2372 auotoritas

255 2403 338 2467 tituli
360 2403 394 2466 in
417 2401 625 2482 diiudicanda
640 2403 826 2483 quaestione
847 2423 977 2487 prorsus
992 2404 1083 2469 nulla
1097 2411 1157 2485 est,
1181 2424 1288 2487 neque
1308 2403 1369 2470 11111

255 2500 365 2564 mirari
387 2520 526 2583 possum,
551 2498 636 2581 quod
651 2500 781 2565 Renner
804 2501 836 2576 (1.
853 2502 874 2564 l.
891 2522 923 2584 p.
942 2503 1014 2576 171)
1035 2502 1249 2568 nihilominus
1262 2501 1369 2567 titulum

255 2596 376 2680 profert
397 2600 488 2680 quasi
510 2603 625 2664 testem
647 2595 768 2663 formae
790 2595 870 2663 αἰεί.
927 2641 930 2645 >

341 2693 463 2772 Quodsi
485 2701 653 2778 praeterea
674 2695 709 2759 in
731 2697 823 2760 titulo
841 2695 967 2762 Iasensi
986 2699 1050 2773 (37)
1073 2694 1255 2761 Alexandri
1277 2694 1369 2778 Magni

254 2797 363 2857 111111
386 2790 505 2874 seripto
524 2790 593 2857 αἰεί
615 2799 777 2858 servatum
800 2813 872 2860 esse
894 2791 1069 2874 contendit,
1093 2793 1127 2856 in
1150 2811 1259 2861 errore
1281 2813 1369 2860 versa·

254 2895 316 2970 tur,
340 2908 411 2953 oum
427 2895 458 2955 et
472 2889 506 2954 in
523 2888 663 2972 Corpore
678 2890 921 2974 inseriptionum
937 2898 969 2956 et
985 2891 1019 2954 in
1041 2889 1197 2972 „Rioardi
1213 2887 1368 2958 Chandleri

255 2986 521 3070 lnsoriptionibus
543 2988 707 3069 antiquis“
730 2987 859 3066 (Oxonii
880 2989 972 3064 1774)
994 2993 1101 3053 textus
1123 2987 1257 3070 quidem
1278 2989 1368 3070 vulga-

251 3084 341 3149 ribus
368 3084 455 3169 typis
486 3103 657 3168 expressus
685 3087 881 3170 typographi
903 3094 937 3151 ut
958 3086 1085 3152 videtur
1109 3085 1232 3152 mendo
1253 3085 1368 3150 forman

253 3177 340 3260 αἰεί,
373 3189 524 3247 accurata
551 3191 659 3249 autem
686 3185 862 3250 litterarum
890 3184 1062 3267 desoriptio
1090 3185 1225 3250 brevem
1253 3182 1368 3249 sormam

256 3280 346 3342 ΑΕΙ
365 3279 529 3361 praebeat.

340 3377 474 3440 Nullum
502 3378 600 3459 igitur
626 3377 660 3441 in
689 3378 791 3443 titulis
819 3378 949 3444 obvium
978 3384 1026 3444 111
1054 3378 1242 3460 exemplum
1265 3377 1368 3443 formae

253 3469 342 3552 1111·
364 3479 476 3537 eontra
489 3474 772 3557 Amphipolitanos
795 3479 859 3554 (25,
877 3482 905 3544 5.
921 3478 984 3551 25),
1009 3475 1062 3557 qui
1084 3475 1259 3542 ionismum
1272 3491 1368 3559 purum

254 3569 407 3650 servavit,
430 3570 480 3635 bis
503 3571 634 3637 brevem
656 3571 790 3637 formam
809 3569 864 3638 ἀεί
886 3574 993 3638 habet.
1038 3575 1163 3640 Tamen
1186 3593 1260 3639 eum
1280 3569 1368 3638 medio

255 3667 385 3733 merulo
402 3674 515 3749 quarto
531 3669 667 3752 scriptus
682 3671 733 3752 sit,
757 3670 798 3736 de
819 3690 897 3737 vera
919 3670 1021 3753 quinti
1043 3670 1164 3736 saeculi
1187 3664 1367 3736 iormanildl

256 3783 316 3829 nos
343 3764 447 3830 docet.
491 3765 672 3831 Fatendum
701 3769 884 3850 igiturest,
913 3769 1036 3832 nullam
1065 3768 1179 3834 titulos
1206 3768 1251 3834 ad
1273 3763 1366 3832 diiudi-

236 3860 394 3926 eandam
416 3861 507 3926 illam
530 3864 750 3945 quaestionem
772 3865 864 3931 nobis
886 3865 1003 3932 afferre
1024 3865 1208 3932 utilitatem.

341 3962 370 4024 3.
421 3958 621 4025 Dindorfium
662 3959 912 4037 (commentatio
950 3961 992 4028 de
1040 3962 1180 4030 dialecto
1220 3958 1361 4037 Herodoti,
