2828 4776
228 369 290 434 350
698 368 892 438 Chalkiopulos

229 555 243 605 t
270 551 399 608 tenuem
428 541 592 606 frisativae
622 559 821 622 neugraeoae
856 540 946 606 velut
975 540 1009 604 in
1042 540 1129 619 pizo
1168 558 1212 603 ex
1247 537 1353 618 κτίζει,

226 641 336 722 [teron
360 660 400 705 ex
414 636 541 720 πτερόν
564 646 660 703 natae
676 658 747 704 esse
761 638 911 703 videntur
929 658 969 703 ex
984 637 1090 702 studio
1114 636 1256 721 quodam
1280 636 1355 700 duas

228 747 341 809 tenues
363 737 504 802 initiales
527 735 760 802 dissimulandi.

531 943 549 1002 ρ
573 924 749 983 mutatur
770 917 810 981 in
832 915 850 979 λ
873 924 911 982 et
932 918 951 981 t
972 918 1013 982 in
1035 943 1065 1002 ρ.

315 1071 393 1136 Cum
408 1077 533 1137 constet
545 1070 667 1136 maiore
680 1071 811 1152 linguae
826 1070 1005 1136 intentione
1022 1090 1103 1153 opus
1117 1088 1189 1135 esse
1203 1068 1246 1133 ad
1269 1068 1355 1150 liqui-

209 1170 304 1239 »dam
325 1193 345 1232 r
367 1189 461 1252 quam
484 1167 526 1233 ad
549 1168 562 1229 l
582 1168 853 1251 pronuntiandam
877 1168 928 1247 (uf.
945 1167 1031 1234 Ourt.
1044 1169 1138 1234 elem.
1160 1173 1204 1233 et.
1226 1188 1258 1250 p.
1276 1170 1355 1247 409),

228 1267 315 1353 apud
337 1274 464 1332 veteres
487 1265 675 1349 saepissime
697 1286 716 1326 r
738 1266 866 1331 litterae
893 1266 1047 1331 transitus
1072 1267 1108 1331 in
1130 1267 1144 1328 l
1168 1265 1275 1330 faetus
1304 1271 1354 1329 est.

228 1367 298 1431 Iam
320 1385 397 1431 vero
419 1364 578 1447 prioribus
600 1363 798 1445 temporibus
820 1382 904 1445 quae
925 1365 1007 1429 ratio
1029 1365 1114 1430 inter
1136 1384 1154 1424 r·
1178 1371 1211 1428 et
1233 1363 1245 1424 l
1266 1362 1355 1425 inter-

227 1464 324 1529 cessit
351 1461 508 1546 paulatim
538 1466 733 1525 commutata
755 1467 804 1525 est
831 1459 893 1542 ita,
928 1467 963 1525 ut
990 1463 1024 1526 in
1053 1461 1187 1526 vocibus
1215 1458 1354 1526 eiusdem

228 1561 337 1644 stirpis
360 1560 430 1625 sine
453 1565 541 1625 eerta
562 1559 636 1641 lege
657 1556 746 1622 haud
766 1578 840 1622 raro
861 1559 966 1623 altera
987 1579 1045 1642 pro
1071 1558 1176 1624 altera
1193 1564 1354 1640 appareat.

229 1662 364 1739 Σείριος
379 1657 475 1736 enim,
495 1653 645 1740 σειρισὶω,
662 1659 842 1738 σειρίασις,
859 1660 1007 1739 σείρινσς
1018 1676 1090 1722 eum
1107 1656 1219 1733 σέλας,
1237 1653 1354 1740 σελήνη

228 1757 275 1820 ita
297 1761 532 1838 comparantur,
560 1759 595 1817 ut
611 1753 695 1818 inter
710 1772 745 1818 se
764 1751 904 1834 disiungi
919 1754 975 1818 vix
990 1754 1116 1838 possint
1128 1757 1198 1832 (sot.
1214 1774 1299 1826 soar,
1312 1752 1357 1816 lu·

228 1851 310 1934 eene,
327 1854 381 1916 lat.
397 1872 533 1923 serenus,
550 1858 614 1933 got.
630 1851 713 1912 souil
726 1849 824 1922 (Ourt.
835 1851 929 1915 elem.
943 1858 983 1917 et.
992 1873 1023 1934 p.
1033 1854 1119 1932 503),
1135 1850 1356 1933 eomprobatur

229 1951 290 2016 hoe
318 1949 428 2015 multis
449 1949 522 2014 aliis
551 1947 724 2030 exemplis,
754 1967 838 2030 quae
864 1947 1003 2014 medor
1023 1948 1119 2013 modo
1142 1949 1155 2010 l
1176 1947 1354 2013 ostendunt.

228 2047 321 2126 Quod
344 2046 473 2128 quidem
486 2046 625 2133 ‘saepius
648 2046 745 2110 etiam
766 2047 800 2109 in
823 2045 942 2127 linguis
968 2053 1151 2113 nostrorum
1180 2051 1354 2129 temporum

228 2166 300 2210 eum
333 2146 406 2209 aliis
441 2152 507 2208 tum
544 2143 790 2208 romanensibus
812 2143 978 2209 observari
1006 2150 1122 2228 potest.
1167 2142 1242 2207 Ital.
1264 2143 1354 2226 pello

226 2245 319 2326 prino
342 2275 385 2293 =
407 2242 611 2325 peregrinus,
637 2241 834 2321 νεειῖςηαολο
862 2271 904 2289 =
932 2241 1137 2322 insumimus,
1169 2239 1353 2323 francogalb

228 2345 341 2423 opdtre
358 2372 400 2391 ==
422 2340 597 2422 apostolus.
635 2337 713 2415 Quis
734 2337 833 2419 igitur
854 2339 1000 2420 miretur,
1030 2339 1057 2403 si
1084 2337 1201 2407 eadem
1223 2357 1354 2403 eommu·

228 2437 307 2502 tatio
329 2436 521 2518 liquidarum
545 2445 577 2502 et
598 2438 630 2501 in
647 2437 785 2503 dialecto
803 2438 985 2503 neoloorioa
1007 2444 1039 2501 et
1053 2437 1185 2501 omnino
1200 2436 1234 2499 in
1250 2435 1354 2519 lingua

227 2554 355 2616 graeca,
378 2553 461 2615 quae
476 2554 560 2598 nuno
575 2542 690 2616 exstat,
713 2535 797 2601 faeta
812 2534 877 2601 sit?
905 2533 987 2599 Sunt
1001 2552 1078 2599 vero
1093 2534 1248 2616 exempla
1263 2534 1354 2599 haee:

314 2669 345 2741 a)
390 2662 578 2747 περιστερά
600 2685 685 2732 nunu
706 2664 836 2731 auditur
856 2663 1074 2749 pelzbtdrr'wn),
1109 2662 1286 2749 πάρεδρος
1308 2684 1354 2729 au·

230 2761 314 2826 ditur
333 2753 506 2845 pdledros,
542 2761 707 2850 aptdp‘ut
727 2762 867 2836 triburi,
896 2760 1091 2849 χρηματλζω
1113 2767 1149 2827 ut
1168 2762 1354 2842 xlz'raetrt'zo,

229 2855 429 2942 παράθυρσι
452 2862 582 2938 (duple)
602 2868 636 2925 ut
655 2860 821 2944 palestrita}
845 2859 966 2945 πρώρα
988 2866 1023 2924 ut
1042 2860 1140 2943 pleri,
1164 2854 1309 2944 ἄροτρον
1325 2864 1355 2923 ut

229 2955 338 3032 alsat,
362 2951 466 3040 ἀχράς
489 2963 524 3022 ut
547 2957 661 3039 αχίάδί.
706 2958 878 3024 Passovius
901 2958 935 3023 in
957 2957 1099 3023 carmine
1123 2954 1272 3026 Cretensi
1291 2956 1354 3037 fotu

229 3073 287 3136 pro
312 3050 403 3140 φορά
427 3053 567 3120 exhibet.

314 3169 348 3245 b)
393 3163 541 3253 ἁλμυράς
564 3167 693 3233 auditur
708 3170 798 3235 velut
816 3169 962 3252 armans,
984 3165 1110 3251 βολβός
1129 3167 1223 3233 velut
1236 3168 1353 3248 aornos,

219 3263 381 3349 Ἀλβανός
396 3268 557 3338 arsames,
582 3262 733 3352 ἀδελφός
755 3263 895 3345 adorsos,
919 3264 1047 3342 κόλπος
1061 3264 1186 3347 ltdrfos,
1211 3262 1354 3346 σκαλμός

227 3363 386 3441 staram,
416 3359 550 3447 ἀμέλγω
578 3382 636 3446 per
657 3364 851 3430 metathesin
873 3364 1009 3447 amaya.
1046 3363 1180 3428 Passov.
1208 3383 1241 3445 p.
1263 3381 1353 3431 earm.

226 3460 370 3548 (Κρήτη)
398 3461 501 3523 stoma
531 3481 589 3545 pro
620 3459 765 3542 σιάλλω,
803 3461 916 3545 lsrdpst'
940 3481 999 3544 pro
1028 3458 1184 3540 κλαύσει,
1211 3458 1277 3540 firi
1302 3478 1354 3542 pro

188 3591 199 3618 ι
230 3561 336 3645 φίλαι,
359 3559 438 3643 γάνει
461 3578 519 3641 pro
541 3556 636 3642 γάλα,
651 3557 752 3642 firdji
771 3579 829 3642 pro
853 3555 1054 3644 poddyssae
1070 3555 1257 3643 φυλάσσει,
1280 3554 1353 3620 λαιά

227 3677 285 3740 pro
315 3654 418 3736 καλά,
444 3657 542 3739 porri
564 3677 622 3740 pro
646 3654 764 3741 πολλή.
809 3656 1040 3742 (Κεφαλωνλα)
1066 3656 1281 3738 ρανααςασιλι
1301 3671 1353 3737 pro

227 3753 482 3837 παραγγέλλεις,
509 3752 683 3835 urfouitdrr'
702 3774 759 3837 pro
779 3749 1046 3840 ἅλφαβητάρισν,
1069 3750 1201 3837 aspides
1223 3771 1281 3835 pro
1303 3748 1353 3816 ὀλ-

228 3849 337 3931 aldae,
361 3847 509 3926 ἐλπίδες.
555 3850 685 3931 Οθνίλλ,
708 3852 760 3917 De
775 3852 892 3917 Zaoon.
910 3849 987 3915 dial.
1008 3848 1121 3931 prsis-ro
1144 3871 1207 3933 pro
1221 3849 1350 3934 γλῶσσα

228 3953 261 4013 et
281 3947 384 4013 multa
405 3947 479 4013 alia.
