2828 4776
157 375 201 431 De
220 392 347 433 sonorum
365 375 561 440 affectionibus,
580 389 648 444 quae
665 376 853 446 percipiuntur
871 376 899 430 in
918 376 979 431 dial.
999 376 1159 437 neclocrica.
1195 382 1256 446 353

129 548 218 632 quod
240 570 325 615 nunc
340 550 436 631 vulgo
452 550 675 632 pronuntiatur
691 553 806 631 ψείρα.
844 548 1031 634 Comparari
1046 562 1151 637 potest
1173 558 1258 640 quod

127 647 313 731 Hesychius
330 647 440 712 affert:
458 650 583 729 ψείρει,
601 650 744 732 φθείρει
751 672 761 725 ,·
785 650 893 729 ψίσις,
912 653 1047 733 φθίσις,
1064 673 1255 738 quamquam

126 744 267 811 fortasse
285 744 460 810 communis
476 750 525 810 est
548 750 624 826 uret
639 748 695 828 φθ
717 743 895 810 litterarum
918 747 1006 830 origo
1030 769 1070 814 cx
1085 753 1258 822 vetustiore

125 865 175 926 sp,
201 849 237 907 ut
258 845 291 908 in
314 841 431 925 ψύττω
455 849 487 908 et
507 840 615 906 dorico
639 839 864 927 ἐπι-φθύσδω
889 843 987 921 (Ourt.
1003 847 1053 911 El.
1069 848 1118 914 Et.
1136 872 1167 934 p.
1184 856 1255 936 268,

126 940 217 1023 651).
263 939 359 1025 Apud
373 942 491 1006 Locros
513 938 707 1005 recentiores
729 960 786 1023 pro
809 945 916 1027 ψείρα
938 943 1039 1008 torma
1062 951 1174 1030 ψέρρα
1196 952 1258 1017 usi-

123 1046 198 1105 tata
210 1047 269 1121 est,
286 1059 368 1122 quae
383 1058 513 1122 prorsus
528 1037 679 1103 convenit
693 1057 763 1103 cum
780 1038 913 1104 aeolicis
926 1041 1090 1110 veteribus
1100 1051 1255 1132 φθέρρω,

125 1142 270 1222 σπέρρω
293 1157 352 1222 pro
376 1140 525 1222 φθείρω,
554 1139 695 1218 σπείρω.

216 1252 285 1317 Iam
315 1251 475 1336 prioribus
502 1251 700 1333 temporibus
728 1250 761 1314 in
794 1251 932 1317 dialecto
962 1253 1108 1336 laconica
1135 1260 1256 1326 dinc

122 1350 266 1430 transiit,
290 1349 328 1415 cl.
354 1346 508 1414 σάλασσα
526 1369 584 1432 pro
599 1345 771 1428 θάλασσα,
797 1346 872 1425 σιός
894 1370 951 1432 pro
967 1349 1062 1434 θεός,
1085 1363 1256 1442 παρσένος

122 1467 185 1532 pro
210 1452 387 1531 παρθένος
411 1447 550 1524 (Abrcns
563 1494 571 1528 ,
596 1445 636 1511 de
658 1444 735 1510 dial.
759 1445 826 1510 dor.
851 1451 913 1525 67).
958 1449 1058 1517 Vetus
1079 1452 1182 1521 forma
1204 1456 1257 1521 do-

122 1547 195 1611 rica
215 1540 341 1609 Ἀσάνα
369 1565 426 1629 pro
450 1541 578 1609 Ἀθάνα
606 1543 761 1627 reperitur
789 1543 893 1608 ctiam
923 1567 1008 1613 nunc
1044 1550 1076 1614 in
1114 1552 1253 1621 dialecto

122 1642 349 1709 macedonica.
383 1642 531 1709 Ceterum
553 1647 677 1708 constat
699 1641 874 1723 aspiratam
898 1643 930 1705 th
952 1644 998 1711 ita
1019 1646 1053 1711 in
1072 1649 1256 1718 sibilantem

122 1741 365 1808 alveolarcms
392 1741 576 1822 transiisse,
613 1745 648 1804 ut
675 1738 800 1804 medius
828 1739 912 1805 inter
944 1749 1113 1828 utrumque
1140 1768 1252 1814 sonum

122 1839 248 1925 gradus
271 1839 398 1922 spirans
419 1837 644 1905 interdentalis
666 1836 770 1901 luerit.

652 2129 723 2204 §2

394 2279 602 2344 Consonaates
625 2280 774 2363 quaedum
798 2293 996 2349 evanuerunt.

212 2435 254 2499 Vi
277 2434 469 2500 articulandi
491 2434 595 2515 magis
610 2434 777 2516 magisque
794 2433 925 2499 labente
939 2435 1009 2500 soni
1033 2437 1162 2519 quidam
1185 2447 1249 2506 tam

121 2533 255 2602 exiliter
283 2539 315 2597 ct
343 2532 476 2599 obscure
498 2531 804 2615 pronuntiabantur,
834 2539 869 2596 ut
893 2551 1021 2614 prorsus
1051 2534 1190 2620 denique
1212 2559 1253 2606 cx

121 2631 260 2698 uocibus
283 2634 522 2696 evanescerent.
531 2632 551 2705 ¹)
595 2628 689 2708 Quod
723 2628 851 2711 quidem
873 2631 1035 2697 veteribus
1057 2638 1253 2719 temporibus

120 2727 317 2812 saepissime
339 2727 500 2811 spirantes
521 2745 665 2810 graecas,
689 2727 851 2809 digamma
866 2728 1015 2811 maxime,
1040 2731 1152 2815 sigma,
1175 2735 1251 2815 iota,

120 2826 208 2912 pati,
245 2824 308 2889 iam
338 2825 422 2890 inter
450 2845 561 2891 omnes
593 2824 672 2890 satis
699 2832 833 2891 constat.
877 2826 985 2890 Etiam
1018 2830 1148 2912 saepius
1184 2832 1254 2897 soni

120 2922 257 3009 quidam
281 2922 367 3007 apud
384 2922 525 2988 Graecos
547 2923 749 3003 recentiores,
774 2923 826 3004 qui
849 2922 913 2987 vim
937 2925 1128 2992 articulandi
1152 2930 1252 2994 multo

120 3025 282 3089 minorem
305 3019 506 3103 adhiberent,
533 3039 574 3086 ex
596 3020 728 3085 vocibus
751 3021 882 3102 linguae
903 3022 1021 3087 veteris
1043 3033 1252 3091 evanuerunt

211 3154 318 3234 Atque
339 3152 417 3216 mihi
444 3152 571 3234 quidem
595 3149 725 3216 minime
754 3150 795 3217 de
820 3151 908 3217 sonis
935 3153 1097 3236 omnibus,
1127 3155 1180 3236 qui
1211 3174 1251 3221 ex

120 3249 263 3334 singulis
280 3250 446 3314 vocabulis
462 3249 659 3328 exciderunt,
682 3248 734 3313 hic
757 3247 915 3315 disserere
935 3249 969 3313 in
987 3251 1095 3315 animo
1111 3260 1168 3334 est,
1192 3253 1249 3318 sed

120 3370 158 3418 aa
185 3347 258 3413 sola
281 3348 430 3430 exempla
452 3347 601 3428 afferam,
625 3365 708 3428 quae
736 3352 812 3411 sunt
833 3347 1023 3429 pervulgata
1045 3349 1097 3413 vel
1120 3349 1249 3416 maioris

120 3444 288 3526 momenti,
320 3451 491 3528 propterea
519 3444 604 3527 quod
633 3443 751 3510 similia
779 3462 819 3508 ex
840 3443 1031 3526 antiquitate
1067 3447 1161 3512 nobis
1188 3454 1251 3513 tra-

120 3545 192 3612 dita
215 3549 299 3608 sunt.

119 3697 330 3712 .-.——-——=

192 3815 210 3877 ¹)
248 3810 323 3879 Quae
347 3809 451 3879 quidem
475 3810 619 3864 eiectiones
646 3825 773 3864 sonorum
792 3808 942 3876 singulares
966 3808 1169 3878 distinguendae
1186 3815 1249 3865 sunt

119 3896 151 3951 sb
181 3892 240 3956 eis,
265 3906 334 3959 quae
357 3892 469 3959 exlege
496 3891 621 3945 universa
648 3894 675 3945 et
697 3889 853 3944 necessaria
879 3905 927 3958 per
951 3889 1170 3945 assimilationem
1189 3891 1249 3946 fieri

119 3975 220 4033 solent.
