2828 4776
172 362 215 417 De
233 377 361 419 sonomm
378 362 575 430 affectionibus,
592 379 661 434 quae
678 363 864 433 percipiuntur
881 363 910 418 in
927 364 989 420 dial.
1010 364 1170 421 neolocrica.
1207 363 1267 427 361

141 531 232 599 Ourt.
256 537 307 600 El.
329 537 379 600 Et.
402 557 433 619 p.
458 540 542 617 656),
572 536 617 601 sio
638 536 672 601 in
696 535 833 602 dialecto
856 537 982 619 vulgari
1003 558 1060 620 pro
1084 534 1178 621 ὀξύς,
1211 534 1268 620 ὀξύ

140 632 240 715 oport,
265 635 337 718 apri
355 633 492 716 auditur,
508 640 578 716 *quo
594 633 751 699 vocabulo
766 631 962 716 significatur
980 634 1075 701 homo
1087 633 1269 717 ὀξύθυμος.

139 728 196 794 Ad
219 730 531 815 verbum‘Ceriyoopa
553 732 715 814 pertinent
734 730 873 796 futurum
887 732 983 816 septae
1005 754 1063 815 pro
1080 730 1193 813 ζεύξω,
1215 757 1270 797 ze·

132 828 211 911 prid
234 848 291 911 pro
315 828 433 910 ζεῦξις.
455 826 572 913 speeie)
596 828 709 894 dieitur
731 849 789 912 pro
811 827 923 909 ἐχθές.

231 928 250 1005 ξ
278 932 371 992 vetus
398 934 537 992 mutatur
565 927 599 991 in
622 936 658 997 ts,
689 946 716 992 e.
736 946 766 1008 g.
790 924 978 1012 ἕξώφλοιον
1006 926 1103 993 hodie
1130 949 1269 1012 pronun·

136 1022 243 1087 tiatur
265 1023 428 1108 suellitoo).
470 1025 618 1105 Denique
639 1022 677 1085 sle
699 1030 790 1088 vetus
812 1042 869 1105 per
891 1024 1082 1089 metathesin
1106 1028 1221 1093 transit
1236 1029 1269 1094 in

134 1118 177 1181 lm
194 1127 227 1185 et
244 1119 435 1188 dentalismo
449 1122 484 1186 in
501 1132 541 1186 ts:
567 1125 704 1198 πέσκος,
728 1125 870 1185 arsenios
888 1121 983 1187 hodie
997 1130 1090 1188 sonat
1102 1123 1267 1210 poterion).

137 1217 258 1283 Exitus
274 1218 542 1285 deminutivomm
559 1223 668 1284 ίσκιον
683 1225 824 1283 mutatur
841 1218 875 1282 iu
890 1215 1024 1304 atrion),
1042 1218 1135 1307 κόρη,
1152 1228 1268 1305 κορίσ-

136 1338 214 1379 κιον
239 1315 368 1394 lsoru'tst‘,
399 1315 529 1401 κύριος,
560 1321 733 1401 κυρίσκιος
763 1322 794 1381 et
821 1321 980 1403 κυρίσκης
1009 1316 1145 1395 ltiru'tsr‘s,
1179 1319 1267 1385 femi·

135 1413 255 1477 ninum
291 1433 331 1480 ex
359 1414 512 1497 analogia
541 1413 654 1476 ltr'ru'tsu
684 1420 716 1480 et
751 1411 887 1488 kirolum,
917 1419 1050 1498 Πέτρος
1078 1416 1263 1491 Petru'slm'oa

135 1509 311 1583 Patr-atis,
336 1511 496 1574 Petrr'tsr's.

648 1748 718 1822 §a

183 1898 241 1962 De
263 1918 348 1960 sonte
370 1896 558 1982 qmbusdam,
584 1897 639 1980 poi
658 1897 875 1959 induratorum
897 1899 1029 1979 speciem
1047 1899 1210 1982 praebent.

226 2090 254 2162 1)
299 2084 359 2149 Hio
380 2084 502 2168 primus
524 2084 820 2149 commemorandus
843 2090 891 2147 est
919 2085 1071 2150 transitus
1096 2085 1264 2154 trientinae

128 2183 219 2251 lenis
235 2182 260 2266 j
280 2183 332 2248 vel
356 2205 375 2264 γ
396 2181 430 2246 in
453 2180 564 2247 fortem
578 2204 608 2260 χ.
653 2179 787 2245 Videtur
809 2180 889 2246 haee
911 2180 1087 2246 immutatio
1109 2204 1174 2248 non
1197 2191 1263 2249 tam

127 2300 192 2365 per
220 2278 502 2359 assimilationem,
545 2298 639 2360 quarn
670 2298 710 2344 ex
736 2277 840 2343 causis
868 2266 1083 2359 singularibus
1112 2289 1143 2346 et
1171 2282 1261 2362 quasi

126 2375 275 2443 fortuitis
298 2382 374 2441 nata
395 2395 477 2458 esse,
507 2376 694 2459 praesertim
723 2393 793 2440 eum
822 2373 1010 2457 saepissime
1034 2382 1111 2442 ante
1133 2380 1263 2445 nasales

124 2474 336 2554 inveniatur,
367 2494 449 2557 quae
472 2473 599 2556 quidem
623 2474 749 2540 litterae
781 2472 900 2555 alioqui
929 2472 1050 2536 nullam
1080 2473 1141 2540 nisi
1165 2477 1261 2542 emol·
1339 2483 1341 2487 ’

125 2571 238 2638 liendi
260 2572 324 2635 vim
348 2572 467 2636 habere
490 2573 604 2638 solent.
650 2570 840 2638 Consideres
856 2569 1032 2649 δὶοχηιέηοε
1046 2591 1104 2653 pro
1121 2569 1261 2656 δεδιωγ-

121 2673 256 2751 μένος,
294 2667 431 2749 δεόχῃῑύε
458 2689 515 2752 pro
546 2667 704 2753 διωγμός.
749 2667 909 2734 Chasiotie
936 2667 1030 2733 affert
1062 2669 1141 2749 Ιίχηί
1173 2670 1260 2753 apud

125 2766 287 2850 Epirotas
309 2787 367 2849 pro
389 2764 489 2849 λυγνή
506 2796 546 2815 --
564 2765 766 2850 serapiacae,
791 2763 1016 2845 arp‘rolcaooro
1039 2786 1097 2848 pro
1117 2764 1260 2850 ἀργυρο-

122 2863 280 2931 κάνατον
302 2862 432 2948 (aquam
454 2863 613 2946 resipiens
636 2864 936 2947 oalixargenteus).
980 2861 1095 2927 Mirum
1117 2871 1166 2930 est
1187 2885 1260 2930 oon·

121 2961 232 3031 traria
247 2961 417 3027 affectione
426 2962 502 3026 loer.
513 2959 639 3045 clr’ayms'
649 2968 680 3027 et
693 2960 840 3045 ‹iroyumr'
852 2981 892 3026 ex
903 2957 1031 3046 δραχμή
1046 2959 1164 3026 fautum
1177 2981 1257 3028 esse.

218 3059 381 3126 Frioativa
408 3059 491 3126 lenis
520 3082 538 3142 γ
567 3059 601 3123 in
630 3059 736 3124 verbis
759 3058 885 3123 looniois
912 3056 979 3139 ‹ffpi
1004 3077 1062 3140 pro
1093 3056 1256 3144 ipuyap),

120 3155 304 3245 ἕφ(υ)γεν,
326 3157 471 3238 'espirimo
493 3176 549 3240 pro
572 3152 799 3241 ἀφ(η)γοῦμαι
828 3151 928 3238 (apud
951 3159 1073 3219 eeteros
1095 3153 1175 3237 osli,
1207 3155 1258 3236 nf-

120 3256 247 3330 sesama)
270 3274 328 3338 per
350 3254 613 3321 assimilationem
635 3252 784 3317 indurata
806 3258 864 3317 est.

219 3355 251 3425 2)
289 3353 418 3419 Maioris
441 3350 593 3418 momenti
616 3358 664 3416 est
685 3350 822 3416 abiectio
844 3347 1059 3432 aspirationis.
1090 3345 1256 3411 Interdum

120 3450 217 3518 enim
248 3469 311 3513 non
339 3449 504 3516 frieativae
531 3474 560 3530 χ,
573 3448 608 3531 s,
632 3454 675 3524 θ,
706 3469 786 3530 quas
814 3448 1003 3530 plerumque
1032 3463 1073 3510 ex
1094 3433 1257 3509 veteribus

120 3547 282 3632 aspiratis
303 3549 393 3613 nasei
408 3547 556 3629 vidimus,
578 3546 637 3613 sed
652 3546 838 3628 exploeivae
852 3544 949 3610 fortes
971 3541 1001 3619 t,
1019 3561 1055 3620 p,
1078 3550 1092 3602 t
1112 3547 1254 3606 veterum

120 3645 345 3731 aspiraturum
367 3645 437 3710 loeo
460 3645 673 3711 inveniuntur.
714 3641 915 3708 Contrarium
937 3638 1254 3706 commemoravimus

120 3763 227 3829 supra
250 3748 268 3820 ξ
294 3748 321 3825 1,
348 3747 375 3807 l.

214 3838 250 3925 a)
294 3838 316 3901 l·
337 3860 394 3923 pro
416 3846 525 3905 vetere
546 3864 564 3919 χ
585 3837 676 3904 initio
698 3837 925 3903 vocabulorum
949 3833 1044 3918 positi
1066 3852 1163 3897 unum
1185 3839 1254 3898 tan·

119 3949 193 4008 tum
217 3938 401 4020 exemplum
424 3937 539 4003 afferre
560 3957 699 4021 possum,
723 3936 754 4000 lr.
778 3954 805 4001 a.
828 3932 931 3997 torua
952 3952 1009 4016 pro
1030 3927 1154 4017 χορδή,
1176 3936 1254 3996 ante

177 4047 312 4093 curtrus,
328 4046 425 4087 sadran.
453 4045 478 4086 v.
1015 4033 1049 4084 24
