2828 4776
221 369 282 430 300
687 410 690 415 -
727 369 829 424 Erman

307 543 421 608 Sexies
444 541 541 624 igitur
568 542 601 606 in
624 541 725 623 quinti
748 542 894 624 sentique
916 543 1037 609 saeculi
1059 542 1162 609 titulis
1186 541 1347 610 elisionem

222 641 395 721 babemus,
427 638 599 705 duodecies
620 639 655 703 in
677 639 791 704 iisdem
814 639 920 705 hiatus
942 642 1117 720 toleratur,
1139 640 1177 705 in
1199 640 1348 707 recentio-

223 739 310 803 ribus
334 737 533 803 documentis
559 742 596 799 10
620 737 774 802 habemns
796 737 951 809 elisionis,
977 741 1017 803 20
1040 738 1147 805 hiatus
1171 738 1330 822 exempla

308 835 358 900 Ne
388 834 469 899 illud
503 833 630 916 quidem
668 840 755 899 recte
790 834 970 899 Bredovius
999 836 1193 901 observasse
1226 835 1353 903 videtur

224 931 269 1018 (p.
293 937 376 1013 214),
407 931 620 1015 „pronomina
642 931 825 1014 personalia
846 931 1030 1000 Herodotea
1051 934 1089 1005 in,
1108 933 1257 1000 oratione
1280 954 1353 1017 apo

222 1032 388 1114 stropbnm
411 1050 476 1094 non
500 1029 598 1112 pati“,
629 1048 700 1092 cum
729 1028 823 1097 trium
854 1049 938 1110 quae
965 1030 1028 1096 huo
1054 1032 1223 1115 pertinent
1248 1051 1356 1098 exem·

222 1129 346 1212 plorum
378 1127 440 1192 duo
476 1124 605 1208 quidem
634 1126 757 1190 hiatum
786 1135 934 1208 servent,
971 1129 1099 1194 tertium
1138 1136 1250 1195 antem
1286 1127 1355 1216 (35)

222 1226 389 1291 elisionem
412 1223 572 1289 exhibeat.
1140 1265 1143 1271 .

308 1322 371 1386 Vix
387 1322 556 1402 quisquam
578 1322 715 1404 probare
736 1324 863 1405 poterit,
886 1330 1006 1388 certam
1028 1324 1176 1407 regulam
1198 1323 1357 1391 adhiben-

224 1420 285 1511 dae
300 1427 356 1485 aut
370 1419 595 1501 neglegendae
610 1419 737 1485 elisioni
752 1420 894 1500 subesse,
922 1440 993 1485 oum
1016 1421 1156 1506 exempli
1171 1423 1283 1504 gratia
1305 1423 1357 1487 vel

222 1519 255 1584 in
271 1517 386 1583 eadem
402 1517 490 1582 linea
504 1517 664 1597 legemus:
688 1516 812 1592 οἵτινες
834 1515 908 1581 τότ’
927 1513 1016 1600 εἶχον
1033 1515 1089 1586 ὅτε
1101 1515 1358 1604 Ά[πο)1.ων1οης

225 1613 291 1697 (11,
312 1612 378 1696 30).

670 1753 699 1812 2.
744 1749 797 1812 De
819 1753 911 1812 cruci.

308 1892 399 1959 Crasi
427 1912 498 1956 cnm
528 1891 674 1972 sequenti
703 1894 806 1958 vocali
836 1895 1009 1976 iunguntur
1041 1893 1075 1958 in
1104 1894 1209 1960 titulis
1239 1897 1359 1963 nostris

222 1998 313 2058 sexto
337 1997 368 2055 et
383 1989 495 2072 quinto
510 1989 639 2053 saeculo
662 1990 787 2072 scriptis
810 1997 842 2056 et
865 1991 990 2056 articuli
1013 1991 1134 2058 formae
1158 1992 1194 2057 in
1209 1996 1360 2062 vocalem

224 2095 379 2156 exeuntes
402 2095 434 2154 et
456 2087 636 2153 coniunctio
660 2091 726 2150 καί.

309 2187 470 2270 Exempla
492 2185 568 2251 talis
590 2204 762 2250 concursus
785 2185 886 2252 babes
907 2187 1001 2252 haee:

223 2305 320 2350 nom.
344 2285 445 2365 sing.
481 2279 637 2369 ,1)’παρή
663 2280 729 2364 (13,
753 2287 806 2358 36)
830 2315 871 2335 ==
896 2278 914 2368 ἦ
939 2283 1049 2369 {nuos}

488 2378 526 2443 τὸ
550 2377 719 2458 oleagini,
746 2383 805 2456 19).

353 2477 466 2543 Utrum
489 2477 523 2540 in
546 2477 638 2540 titulo
661 2477 741 2542 Teio
769 2475 807 2540 τὸ
833 2483 943 2542 κείνου
974 2500 1017 2543 an
1044 2481 1242 2559 τούκείνου,
1280 2484 1360 2549 crasi

488 2593 505 2639 e
534 2573 572 2637 τὸ
596 2572 726 2639 ἐκείνου
750 2582 876 2657 natum,
907 2575 1078 2658 legendum
1101 2577 1159 2658 sit,
1186 2577 1360 2646 diiudicari

487 2672 608 2752 nequit.

224 2789 311 2852 gen.
335 2770 434 2851 sing.
486 2765 757 2852 τούρμοκράτεος
781 2773 842 2845 (20,
867 2773 962 2836 21==
983 2777 1043 2835 τοῦ
1063 2766 1318 2857 Ἑρμοκράτεος

487 2863 643 2949 τώγῶνος
666 2871 729 2948 (13,
754 2868 807 2941 32)
830 2895 872 2915 ==
894 2873 953 2931 τοῦ
977 2864 1107 2951 ἀγῶνος

486 2959 732 3041 steneli-som]
756 2966 818 3044 (21,
843 2967 906 3037 36).

352 3061 467 3126 Hiatus
489 3067 600 3125 contra
622 3061 776 3125 retinetur·
797 3061 847 3124 im:

485 3156 543 3222 τὀῦ
556 3153 771 3233 Ἀπόλλωνος
795 3161 859 3235 (12)

485 3251 744 3338 τοῦΆφυάσιος
768 3259 830 3333 (21,
854 3260 885 3332 4)

486 3356 546 3416 τοῦ
568 3341 782 3427 Ἀπόλλωνός
805 3356 867 3429 (25,
895 3355 953 3429 13).

227 3447 304 3513 dat.
329 3449 427 3531 sing.
487 3443 684 3512 τῶπόλλωνι
707 3452 761 3525 16),
783 3445 1006 3536 abablium]
1029 3456 1093 3528 (11)

489 3540 713 3631 τήπαρῇ,(13,
737 3549 789 3622 34)
813 3579 853 3597 --
874 3553 917 3633 cy}
939 3545 1061 3633 ἓπαρῇ.

354 3641 468 3708 Hiatus
491 3648 597 3709 exstat
618 3643 652 3706 in
675 3648 721 3728 τῴ
734 3639 903 3708 Άπὸλωνι
926 3648 968 3722 (9)

488 3746 535 3824 τῴ
550 3737 786 3825 Ἀπολλ[ωνι’1ῳ
809 3744 872 3818 (21,
895 3746 958 3812 45).

356 3836 486 3918 Ubique.
504 3838 538 3901 iu
560 3837 668 3903 formis
691 3839 773 3904 cresi
789 3840 875 3903 natis
897 3864 908 3903 ι
931 3840 1146 3924 subscriptum
1165 3844 1354 3927 neglegitur.

229 3951 325 3996 nom.
350 3932 448 4015 plur.
490 3933 686 3999 Nominativi
715 3936 818 4000 neutri
847 3937 974 4019 generis
1003 3937 1086 4003 crasi
1108 3957 1183 4004 cum
1210 3940 1353 4024 sequenti
