2828 4776
441 415 444 423 ,
481 359 514 413 de
531 359 673 415 metathesi
691 375 796 430 graeca.
956 387 959 392 ·
1137 361 1197 424 133

49 532 124 597 vix
149 528 274 613 poterit.
319 528 429 596 Potest
439 523 576 612 'quidem
590 532 712 598 nasalis
729 540 806 598 ante
820 532 959 603 labiales
974 538 1006 598 et
1020 536 1198 616 gutturales

55 628 201 694 diverso
225 625 322 692 modo
350 628 500 711 profani,
529 636 634 712 potest
663 649 764 713 prope
785 630 830 696 ad
851 631 1015 714 sequentis
1037 650 1199 699 consonae

58 732 216 791 naturam
247 723 417 806 accedere,
450 727 497 792 ita
526 734 561 793 ut
588 728 661 812 ipsa
688 748 801 812 parum
831 727 981 795 distincte
1008 729 1198 813 proferatur,

61 828 175 904 potest
203 822 317 904 etiam,
347 842 418 888 cum
448 819 578 907 linguae
599 827 685 891 acies
706 824 787 890 forte
809 824 959 892 dentibus
982 827 1199 910 superioribus

62 919 358 1004 appropinquatur,
388 941 453 985 non
475 921 610 986 multum
632 943 652 987 a
674 921 797 988 dentali
825 925 928 989 nasali
955 924 1079 990 abesse.
1126 925 1196 991 Hoc

67 1025 174 1085 autem
194 1017 230 1082 in
251 1016 317 1081 illis
340 1016 497 1101 exemplis
519 1018 724 1085 statuendum
747 1021 803 1103 sit,
830 1026 864 1084 ut
885 1021 998 1087 miram
1020 1021 1112 1086 illam
1134 1042 1198 1089 rne-

69 1113 217 1180 tathesim
238 1113 357 1179 iactam
380 1133 451 1180 esse
472 1116 650 1183 eradamus.
899 1185 901 1187 ,

152 1213 237 1277 Raro
258 1211 382 1293 liquida
404 1213 457 1276 vel
488 1215 610 1283 nasalis
638 1234 709 1281 oum
736 1215 845 1281 vicina
871 1216 976 1280 vocali
1004 1222 1201 1282 commutata

71 1313 122 1389 ost,
150 1328 234 1388 cum
255 1308 414 1375 vocalis
436 1312 698 1394 sequebatur,
722 1312 865 1379 velutin
887 1313 956 1383 dor.
976 1306 1198 1399 severiacum,

69 1406 154 1483 quod
175 1425 193 1471 e
214 1404 491 1492 *τετορ-ηκοντα,
514 1405 780 1495 *saepo-quosne
804 1417 906 1475 ortum
929 1417 992 1493 θεὶς
1009 1429 1068 1476 nec
1083 1411 1198 1476 mirum

68 1507 108 1566 ost
133 1503 210 1577 illas
234 1503 317 1569 binis
339 1505 505 1570 vocalibus
528 1506 739 1574 circumdatas
767 1506 854 1574 sedis
882 1507 1061 1574 tenaciores
1089 1508 1198 1594 fuisse,

66 1605 136 1664 clun
160 1600 330 1666 metathesi
352 1601 438 1667 iacta
458 1604 618 1669 vocalium
641 1623 822 1687 concursus,
844 1625 910 1670 non
932 1624 1059 1688 semper
1076 1613 1198 1689 gratus,
1308 1613 1312 1623 '

64 1689 164 1763 fieret.
208 1697 255 1763 cf.
278 1698 362 1764 inira
384 1699 427 1764 ad
450 1706 467 1775 t
491 1706 563 1765 411.
588 1706 638 1767 33.

151 1795 349 1862 Pauciasima
371 1804 478 1863 autem
501 1797 652 1882 exempla
672 1799 755 1864 illud
773 1818 875 1882 genus
890 1798 999 1877 habet,
1022 1799 1077 1864 ubi
1092 1799 1198 1866 vocali

44 1889 241 1977 ¹anticipata
272 1893 396 1976 liquida
427 1897 607 1981 postposita
640 1903 705 1978 est,
743 1896 824 1961 sieut
856 1897 890 1960 in
921 1894 1106 1980 βάρδιστος
1139 1917 1198 1980 pro

58 1985 249 2075 βράόιστος
264 1993 308 2069 (v.
325 1996 342 2067 §
360 1995 392 2068 8)
407 1991 548 2077 uidetur,
572 1994 702 2059 nasales
724 1992 861 2059 fortasse
883 2012 926 2058 ne
948 1994 1047 2058 semel
1066 1993 1196 2076 quidem

57 2088 264 2172 postpositae
287 2095 370 2154 sunt.
1135 2165 1138 2171 ,

151 2185 216 2253 Sed
243 2186 324 2252 haec
352 2186 518 2253 hactenus.
562 2190 613 2254 De
644 2187 804 2253 vocalium
837 2193 1118 2253 transmutatarum
1151 2188 1197 2253 ai-

54 2270 271 2366 sationibus,
308 2302 392 2366 quae
427 2305 493 2351 non
530 2284 573 2350 ad
605 2283 707 2368 ipsius
740 2285 928 2353 metathesis
961 2290 1110 2350 naturam
1143 2284 1221 2353 do,

53 2374 266 2448 scribendam
289 2379 461 2465 pertinent,
483 2381 568 2447 inira
588 2380 780 2448 videbimus.

150 2659 333 2726 Lobeckius
365 2667 491 2740 veteres
511 2653 748 2744 ‘grammaticos
778 2661 812 2727 in
845 2680 884 2728 eo
917 2661 1076 2744 sequitur,
1109 2662 1195 2744 quod

51 2743 116 2811 d¹10
143 2758 343 2842 potissimum
358 2758 546 2829 metathesis
560 2777 680 2842 genera
695 2757 872 2842 distinguit,
895 2777 990 2841 quem
1006 2757 1049 2825 ad
1064 2759 1195 2826 modum

50 2848 93 2906 θῦῒ
128 2855 221 2940 apud
243 2855 377 2943 Gregor.
402 2854 473 2921 Cor.
497 2859 576 2921 469:
596 2852 765 2944 ’διαφέρει
787 2854 977 2939 μετάθεσις
1006 2851 1195 2942 ὑπερθέ-

51 2959 87 3002 ⁰⁶
101 2969 186 3032 ως,
210 2947 230 3039 ἦ
253 2951 401 3038 μὲνγὰρ
425 2951 461 3018 ἐν
484 2958 523 3036 τῆ
545 2949 630 3040 αὐτῇ
654 2953 803 3040 συλλαβῇ
819 2957 964 3038 γίνεται,
988 2947 1008 3039 ἦ
1033 2952 1070 3018 δὲ
1090 2948 1194 3041 ὑπέρ·

50 3038 165 3127 θθσις
198 3048 235 3116 ἐν
267 3056 308 3136 τῇ
342 3048 458 3136 ἑτέρᾳ,
496 3043 543 3126 ὦς
575 3049 615 3114 τὸ
649 3055 789 3127 rotator
824 3046 973 3127 ὀθνεῑος.
1017 3049 1193 3117 Seiunctim

50 3139 170 3212 alittam
191 3148 249 3213 ille
264 3146 311 3226 (in
324 3167 396 3233 cap.
411 3148 485 3226 111.)
500 3148 702 3215 metathesim
724 3148 930 3232 aspirationis
952 3155 984 3213 ot
1006 3148 1194 3230 quantitatis

51 3233 219 3311 tii·0tavit.
264 3244 366 3311 Nobis
403 3244 498 3312 facilc
533 3246 704 3328 intelleges
736 3241 988 3328 'descriptionem
1026 3262 1192 3327 generum,

41 3344 120 3419 non
151 3362 192 3410 ex
212 3341 270 3407 illo
288 3341 480 3409 metathesis
503 3349 535 3409 et
557 3343 762 3428 hyperthesis
785 3341 968 3408 discrimine
989 3342 1031 3407 ab
1057 3346 1193 3407 externa

52 3438 290 3506 vocabulorum
312 3441 420 3525 specie
442 3439 543 3524 petito
565 3438 722 3523 proficisci
742 3458 847 3524 posse.
893 3438 974 3504 Cum
996 3439 1082 3505 enim
1096 3458 1192 3521 quae·
1216 3471 1220 3479 ·

53 3515 140 3599 dim
161 3538 362 3623 potissimum
383 3536 512 3604 litterae
534 3557 730 3620 —quarum
753 3556 844 3602 suam
866 3553 1013 3619 quaeque
1034 3535 1191 3602 rationem

52 3611 241 3699 habent.-
254 3634 300 3700 ad
322 3633 527 3701 metathesim
549 3641 646 3718 aptae
668 3635 742 3716 sint,
766 3634 903 3717 primum
924 3632 1053 3697 illarum
1075 3638 1193 3724 natura

52 3718 78 3776 ⁰t
103 3733 265 3814 cognatio
286 3732 510 3817 respiciendae
531 3732 695 3816 videntum
719 3731 822 3797 altero
843 3731 914 3796 loco
942 3729 978 3795 id
1005 3728 1192 3796 habendum

52 3817 121 3900 ⁰⁸³2
162 3823 347 3912 quibuscum
375 3829 448 3901 aliis
474 3829 605 3914 litteris,
634 3850 705 3895 oum
727 3820 849 3910 vocali,
878 3849 922 3894 an
943 3847 1015 3894 curn
1037 3846 1191 3912 consona,

53 3920 90 3971 ³¹1
127 3941 200 3992 oum
222 3927 367 4019 pluribus
389 3927 504 3994 litteris
527 3926 675 4010 singulae
696 3932 937 3992 commutentur.
980 4012 983 4019 Ι
1030 3967 1031 3971 =
