2828 4776
54 366 57 375 ¹
152 340 211 402 190
627 344 795 413 Siegismund

149 516 209 580 hoc
231 516 418 581 metathesis
447 536 549 598 genus
576 517 737 582 rarissime
770 537 828 581 usu
861 519 964 600 renit3
998 538 1055 584 eas
1087 526 1194 582 autem
1224 518 1261 580 lit·

148 621 288 680 terarum
311 613 558 695 coniunctiones,
582 634 664 697 quae
686 614 811 697 pridem
833 615 901 680 sive
923 635 1067 698 syncope
1088 616 1158 680 sive
1180 622 1263 679 mota·

149 712 231 776 thesi
254 718 343 777 ortae
365 718 470 792 erant,
501 732 741 794 nonnumquam
760 733 868 778 rursus
891 712 1027 778 evitatas
1050 712 1213 794 videmus,
1234 713 1262 777 ci.

148 808 203 872 lat.
227 817 317 870 raetos
338 829 396 891 pro
417 819 529 891 pontus
551 831 571 874 a
592 809 660 874 rad.
682 832 743 893 pon
767 815 847 892 (pcc)
870 809 953 875 infra
975 812 994 891 ἓ
1019 815 1073 891 10,
1097 811 1198 872 nodus
1218 831 1263 892 pro

149 905 303 976 *eaodem
337 926 383 988 gr.
406 904 546 983 πινυτός
568 927 589 971 a
611 906 678 971 rad.
702 933 783 986 κνο,
806 907 887 988 οΙίο,
911 927 995 990 quae
1017 907 1173 990 deinceps
1195 928 1263 972 con·

147 1003 403 1069 memorabimus.

234 1101 1262 1186 Exlinguiscognatispaucaanticipataenasalisexemplaaffero.

233 1199 324 1264 Indis
347 1208 378 1265 et
401 1200 525 1265 Bactris
553 1200 730 1265 communis
762 1200 820 1265 fuit
854 1200 946 1265 radix
976 1200 1060 1283 plum
1091 1201 1127 1265 in
1160 1199 1261 1266 finibus

147 1297 393 1378 compositorum
416 1318 474 1380 pro
495 1295 577 1379 phoa
601 1299 698 1380 (vulg.
722 1298 794 1367 Ιιον)
818 1298 964 1363 adhibita
986 1299 1037 1378 (cf.
1060 1299 1161 1364 subst.
1184 1296 1261 1364 zend.

146 1393 276 1477 placito).
327 1394 443 1460 Eidem
474 1395 507 1459 in
541 1394 610 1459 rad.
644 1394 735 1478 aare
769 1396 814 1471 (in
846 1396 958 1479 lingua
989 1396 1147 1462 sanserita
1180 1396 1261 1462 etiam

147 1489 255 1564 taath)
289 1494 465 1575 pellere,
503 1499 716 1574 percutere
753 1495 898 1558 nasalcm
930 1494 1165 1577 anticipatum,
1203 1513 1260 1558 cum

147 1598 284 1673 cognata
307 1591 371 1657 sint
392 1612 439 1673 gr.
463 1595 599 1675 κέντρον
622 1597 682 1656 cet.
726 1591 858 1657 Fickius
886 1613 917 1674 p.
945 1596 982 1656 31
1008 1592 1089 1658 haec
1117 1591 1260 1656 vocabula

148 1709 305 1753 unacum
328 1687 435 1753 theod.
459 1695 521 1753 vet.
544 1687 680 1770 dorodnp.
711 1689 828 1754 island.
851 1688 956 1773 knpdlr
979 1689 1022 1754 ad
1044 1688 1155 1772 iudog.
1178 1692 1260 1749 *toro

147 1787 325 1868 revocavit,
359 1806 441 1868 quae
472 1784 566 1850 radix
589 1806 607 1851 e
629 1786 782 1869 primaria
812 1787 920 1852 radice
948 1785 1010 1848 Ινοκ
1040 1786 1092 1866 (cf.
1121 1807 1181 1852 scr.
1206 1805 1257 1869 pao

146 1905 193 1967 gr.
227 1896 373 1961 κον-εῖν,
408 1887 512 1947 aotam
542 1891 601 1948 eet.
638 1883 729 1948 Fick.
752 1884 774 1947 l.
797 1884 831 1959 l.)
864 1884 1023 1967 prodiisse
1059 1882 1196 1949 videtur.
1237 1881 1257 1946 E

146 1982 258 2064 lingua
279 1981 436 2047 islandica
458 1981 638 2047 conferatur
660 1980 755 2043 doctr
770 1981 961 2046 vocabulum
983 2002 1004 2046 a
1025 1981 1141 2047 Fiokio
1156 1982 1177 2044 l.
1192 1981 1212 2044 l.
1228 1998 1257 2043 er

145 2080 254 2163 indog.
289 2080 413 2142 *innodo
447 2078 591 2160 ductum,
632 2078 718 2144 unde
751 2079 841 2143 salvo
873 2080 1051 2144 litterarum
1081 2078 1193 2145 ordine
1212 2097 1256 2142 sor.

146 2176 286 2250 duodo-s,
309 2199 355 2261 gr.
372 2174 509 2253 adedo-g
526 2175 680 2257 (nodus,
704 2176 833 2253 bulla,
856 2178 1070 2254 musculus)
1086 2176 1256 2260 prodierint.

146 2275 269 2341 Eadem
292 2295 368 2340 vero
391 2275 489 2340 etiam
511 2274 566 2338 lat.
590 2273 689 2337 nodus
711 2277 781 2356 (pro
804 2275 954 2351 *candart
978 2274 1182 2341 referendum
1203 2273 1256 2338 erit.

146 2372 212 2439 Sor.
234 2370 379 2455 too-jota
401 2380 545 2456 putere
570 2371 613 2436 ad
642 2370 783 2436 radicem
811 2375 873 2433 don
901 2372 1000 2454 redit,
1035 2391 1118 2454 quae
1147 2377 1257 2437 servata

145 2471 339 2554 conspicitur
361 2471 395 2535 in
417 2469 557 2555 loun-opo
579 2468 770 2550 cadaver,
793 2469 850 2534 iat.
874 2471 981 2532 οοκίνο
1001 2472 1044 2535 al.
1068 2475 1111 2545 (v.
1127 2467 1256 2533 Fickium

145 2589 177 2650 p.
194 2573 263 2650 45);
286 2568 402 2651 quibus
421 2589 496 2633 num
519 2572 640 2632 κνίοσα
663 2574 694 2632 et
716 2567 772 2630 lat.
789 2568 881 2630 nidor
895 2572 964 2650 (pro
980 2566 1125 2643 *cuidem
1140 2561 1256 2645 adiungi

144 2665 269 2748 possint
291 2665 396 2741 (Beni.
418 2666 444 2745 I,
469 2670 551 2740 271),
576 2665 709 2730 dubium
731 2670 789 2729 est.

232 2763 297 2829 Sed
319 2770 518 2829 transeamus
540 2761 583 2826 ad
606 2782 722 2844 graeca
744 2763 903 2845 exempla.

235 2865 261 2923 l.
285 2859 613 2940 evactunensem,
633 2860 812 2947 mordeo,
830 2856 1000 2923 κνώδαλον
1018 2858 1155 2942 ‘bism'qes
1171 2855 1255 2933 thiat

146 2955 283 3022 κνώὸων
313 2990 354 3009 =
381 2979 440 3024 scr.
477 2957 655 3021 thedone-s
692 2957 790 3023 dens
828 2957 881 3034 (de
917 2977 976 3022 scr.
1010 2957 1029 3017 o
1062 2978 1121 3040 pro
1159 2977 1198 3019 ονι
1228 2951 1257 3018 of.

145 3055 357 3121 Schmidtium
380 3055 510 3139 ‘Indog.
533 3058 646 3122 vocal!
670 3057 727 3139 Ip.
746 3060 785 3120 34
802 3060 883 3136 sqq.)
905 3054 1037 3120 Fickius
1060 3076 1091 3137 p.
1109 3059 1168 3120 201
1186 3059 1257 3118 recte

145 3153 236 3218 duxit
259 3174 277 3219 e
299 3154 367 3218 rad.
390 3152 491 3216 strand
510 3154 709 3232 mordere,
740 3153 783 3217 ad
811 3172 907 3235 quam
936 3152 1073 3218 eandem
1096 3172 1156 3218 scr.
1179 3147 1257 3228 oum,

143 3252 256 3318 lituan.
294 3252 398 3315 rande
436 3253 516 3330 (lett.
540 3247 625 3314 addo
654 3251 675 3314 i.
706 3271 735 3332 q.
765 3249 880 3318 tundet
919 3250 1063 3316 redeunt.
1123 3242 1258 3320 Κοναδάς

145 3355 287 3437 (θηρίον
325 3351 484 3435 Hesych.)
522 3369 581 3415 uec
617 3349 723 3414 minus
767 3345 919 3424 κιναιὸός
968 3347 1160 3431 pruriens
1203 3352 1258 3428 qo

143 3445 367 3526 *anecd-cors)
405 3447 575 3514 metathesi
611 3447 697 3511 facta
730 3471 742 3510 ι
771 3446 926 3511 insertum
962 3446 1094 3512 habent.
1153 3440 1257 3525 Kvtdq,

143 3546 238 3626 κνίζον
261 3566 332 3611 oum
354 3546 462 3612 theod.
478 3546 603 3608 Ιιννοκκο
624 3563 645 3609 a
666 3544 780 3609 Fickio
802 3566 833 3627 p.
851 3547 912 3608 352
935 3544 979 3608 ad
1001 3563 1109 3626 europ.
1126 3536 1258 3617 *matut

144 3650 294 3709 revocata
323 3650 412 3724 sunt,
448 3663 486 3707 ae
515 3641 661 3707 similiter
682 3639 781 3719 κνίζον
804 3661 875 3706 cum
896 3639 1013 3706 island.
1036 3639 1125 3702 totto
1147 3645 1205 3705 oct.
1225 3630 1257 3700 ad

144 3760 252 3823 europ.
275 3739 383 3802 *haid
429 3740 493 3805 Sed
522 3759 593 3804 cum
621 3737 734 3802 lituan.
764 3736 868 3800 duodo
896 3739 1064 3822 pristinum
1094 3737 1257 3803 litteramm

144 3836 289 3903 ordinem
317 3837 509 3913 servaverit,
539 3835 660 3902 nasalis
690 3837 893 3903 metathesim
916 3835 1032 3901 rectius
1054 3834 1190 3918 singulis
1209 3831 1256 3897 liu·

24 3935 27 3940 ’
141 3934 213 4017 guis
235 3935 419 3999 tribuemus.
