2828 4776
713 374 909 446 Chalkiopulos

563 561 581 625 ὁ
605 565 809 630 omittitur
831 573 926 631 ante
949 568 962 626 ν’
983 563 1045 650 (j).

326 710 524 795 Praepositio
549 713 606 778 διά
629 738 713 782 nunc
735 719 958 802 pronuntiatur
968 718 1020 802 ja,
1045 717 1225 804 ctavtjaa‘,
1248 715 1359 805 ἡδύοσ-

242 833 305 891 μον
336 805 493 897 (mentha)
525 820 558 877 ut
578 813 718 897 jcsmos,
756 813 986 904 ἰδιωμανάρης
1014 849 1057 868 =
1087 815 1307 898 ἰδιωματικός
1333 829 1361 884 ut

234 911 415 994 jomctc'rr's.

328 1010 481 1077 Conferas
497 1015 608 1074 vetera
625 1007 749 1092 δίωξις,
775 1011 921 1097 διωμμός
937 1033 1009 1078 oum
1026 1011 1110 1099 ἷωκή
1136 1013 1183 1090 (C.
1200 1015 1250 1080 El.
1266 1016 1363 1100 Etym.

241 1130 273 1192 p.
298 1107 384 1192 608),
408 1105 504 1186 ἰ’ωξις
528 1107 730 1195 (παλίωξις),
755 1111 935 1194 προΐωξις,
960 1112 1015 1177 lat.
1032 1119 1095 1178 vet.
1118 1111 1238 1194 Djocro
1260 1121 1363 1197 postea

241 1207 339 1269 Joois.

327 1351 346 1411 y
375 1329 544 1411 explosiva
573 1328 708 1412 antiqua
735 1327 769 1392 in
798 1327 910 1411 lingua
937 1331 1132 1412 recentiore,
1161 1339 1196 1394 ut
1225 1332 1363 1397 omnihus

241 1433 350 1491 notum
374 1433 437 1500 est,
461 1426 507 1490 ita
529 1431 653 1490 mutata
675 1433 738 1506 cst,
768 1433 802 1491 ut
824 1448 882 1510 pro
905 1429 1074 1511 explosiva
1094 1430 1253 1512 gutturali
1276 1431 1363 1513 plane

241 1524 326 1589 idem
349 1521 510 1590 interdum
532 1543 630 1588 sonus
652 1524 817 1605 audiatur,
849 1545 942 1608 quom
965 1526 1091 1609 spirans
1105 1526 1130 1610 j
1149 1528 1261 1610 habet,
1292 1546 1363 1611 quae

242 1622 371 1704 quidem
394 1620 520 1703 spirans
541 1621 575 1685 in
597 1623 709 1704 lingua
731 1629 840 1689 vetere
867 1630 933 1688 tam
964 1629 1089 1690 mature
1114 1626 1280 1708 planeque
1302 1646 1363 1693 era·

242 1725 320 1804 nuit,
345 1728 379 1786 ut
400 1723 597 1804 plerumque,
623 1739 693 1784 cum
717 1740 758 1785 ne
780 1721 906 1803 signum
931 1722 1059 1804 quidem
1083 1723 1152 1788 eius
1171 1730 1290 1806 exstet,
1311 1725 1364 1790 nisi

243 1842 283 1887 ex
305 1819 433 1884 indiciis
462 1818 540 1882 satis
563 1817 736 1883 reconditis
763 1818 912 1900 cognosci
934 1840 1000 1884 non
1022 1821 1134 1903 possit.
1180 1821 1254 1899 Qua
1276 1823 1317 1888 dc
1335 1841 1364 1888 re

242 1919 446 1986 conferantur
474 1915 618 1980 Deffneri
652 1916 839 1998 Neograeoa
867 1917 901 1981 in
929 1916 1029 1982 Curtii
1056 1918 1140 1983 stud.
1170 1919 1236 1984 vol.
1267 1920 1311 1985 IV
1336 1941 1361 2003 p.

243 2022 315 2082 242.
360 2018 473 2097 Itaque
496 2034 567 2078 cum
589 2020 682 2079 vetus
704 2038 723 2096 y
746 2014 853 2079 littera
874 2016 907 2080 in
930 2016 1107 2098 spirantem
1129 2023 1255 2083 mutata
1278 2024 1361 2098 essct,

242 2122 356 2200 postea
384 2120 528 2178 veterum
566 2112 755 2194 spirantium
791 2113 826 2176 in
860 2112 990 2178 modum
1022 2132 1151 2196 semper
1187 2114 1256 2181 iere
1273 2111 1277 2120 ’
1292 2117 1361 2181 inter

244 2213 323 2278 duas
345 2211 473 2277 vocales
496 2212 598 2276 eiecta
613 2217 677 2292 est3
700 2209 810 2292 λέγεις
832 2211 929 2292 igitur·
950 2211 1078 2275 auditur
1099 2214 1190 2277 velut
1206 2213 1260 2284 ἱόν,
1284 2215 1359 2296 λέγει

241 2342 284 2360 =
306 2311 361 2381 lc‘r',
391 2309 532 2392 λέγομεν
554 2338 595 2357 =-
623 2308 714 2378 lc'mc,
745 2307 858 2390 λέγετε
881 2339 922 2358 ==
946 2307 1018 2380 lete,
1049 2307 1236 2396 λέγουσι(ν)
1261 2345 1302 2363 =
1322 2311 1359 2372 le'n

243 2416 301 2473 cet.
346 2412 470 2493 φαμίον
495 2404 661 2495 (φάγημα)
684 2408 775 2474 velut
794 2406 857 2485 ful,
880 2402 1002 2490 τράγος
1025 2407 1115 2472 velut
1138 2410 1221 2490 tro't',
1247 2404 1359 2491 ἀμώμω

242 2507 331 2572 velut
354 2505 439 2588 νμόί,
470 2505 612 2590 λοχαγός
640 2506 729 2571 velut
754 2505 877 2585 Ινχαόν,
905 2504 988 2567 ratri
1008 2525 1065 2588 pro
1089 2505 1223 2591 ῥαγίσει
1246 2541 1289 2560 =
1309 2514 1361 2574 vet.

242 2624 289 2686 gr.
312 2601 462 2690 ῥήμννμι.
508 2603 616 2668 Unum
639 2606 822 2688 exemplum
845 2600 999 2686 spirantis
1025 2601 1118 2668 initio
1146 2605 1299 2670 vocabuli
1318 2606 1362 2670 ab·

243 2703 346 2768 lectae
367 2701 483 2766 afferre
505 2721 651 2783 possum:
674 2703 760 2786 ipsos
782 2722 839 2786 pro
862 2697 983 2785 γύψος.

329 2836 466 2902 Nasales
494 2843 528 2900 ut
555 2844 629 2901 sunt
650 2838 765 2903 molles
791 2837 1031 2927 flexibilosqua
1059 2836 1106 2902 sio
1125 2836 1283 2906 facillime
1303 2858 1362 2904 nas

243 2940 356 3000 cuntur
378 2940 410 3000 et
431 2933 556 2998 facilius
572 2935 668 2999 etiam
684 2953 878 3001 evanescere
893 2936 1007 3000 solent.
1041 2934 1155 3016 Itaque
1170 2942 1206 2999 ut
1220 2936 1255 3000 in
1270 2938 1361 3002 locun

244 3032 340 3116 prisci
361 3031 511 3097 vocabuli
532 3032 625 3095 latini
649 3033 790 3117 conjunx
812 3038 925 3116 postea
943 3030 1064 3115 conjux
1085 3035 1251 3117 suecessit,
1275 3034 1361 3102 sicin

242 3131 354 3213 lingua
375 3149 502 3211 graeca)
526 3148 609 3211 quac
630 3151 715 3197 nunc
737 3137 853 3213 exstat,
877 3134 1014 3214 πέμπτη
1037 3132 1267 3212 pronuntiatur
1287 3134 1362 3199 velut

241 3227 333 3310 μιμεῖ,
358 3225 470 3316 νύμφη
495 3232 584 3295 velut
605 3228 676 3313 nrjr',
708 3226 823 3309 κάμνω
853 3229 943 3294 velut
970 3225 1061 3290 acuo.
1084 3252 1168 3292 -ν
1193 3230 1313 3297 excidit
1331 3248 1362 3295 ex

242 3325 424 3390 vocabulis:
454 3325 578 3408 ἐκεῖνο,
613 3323 728 3403 κάνείς
757 3333 789 3392 et
817 3321 959 3403 κᾶνένας
995 3321 1150 3411 (οὐδείς),
1188 3324 1360 3426 candaces,

243 3419 426 3504 πενθερός,
450 3443 533 3506 quac
561 3444 646 3488 nuno
667 3424 917 3507 pronuntiantur
938 3423 1027 3489 velut
1050 3421 1131 3506 elio,
1153 3421 1282 3500 lracnos,
1304 3422 1361 3488 sicd-

243 3523 355 3591 θαννν,
376 3522 520 3603 μεθονύν
541 3529 601 3587 cet.

330 3679 348 3736 ρ
371 3655 403 3718 in
426 3654 506 3730 dial.
529 3657 769 3722 Samothracica
797 3655 875 3733 (vid.
897 3655 1029 3721 Passov.
1057 3677 1089 3739 p.
1110 3650 1223 3734 carm.)
1244 3655 1361 3723 evannit

244 3751 277 3815 in
308 3751 359 3816 his
389 3754 562 3838 exemplis:
596 3754 685 3817 stood
714 3775 772 3838 pro
803 3751 949 3838 στραβίν
981 3751 1179 3837 (στρεβλόν),
1209 3755 1289 3836 χάνε
1313 3772 1359 3837 pro

241 3846 345 3929 χόρος
357 3847 506 3945 tadmor),
518 3859 570 3930 χον·
582 3872 639 3934 pro
655 3856 729 3935 χέρι
744 3883 786 3902 =
799 3855 882 3937 χείρ,
902 3855 965 3935 μάν
981 3870 1039 3934 pro
1054 3848 1155 3936 πάρω
1173 3885 1214 3905 =
1229 3849 1358 3934 ἓνταίρν,

244 3947 400 4009 mamacas?
420 3968 477 4030 pro
500 3953 730 4033 μαρμαρένιον
754 3946 1001 4033 (μαρμάρινον).
