<?xml version="1.0" encoding="UTF-8"?>
<!DOCTYPE html PUBLIC "-//W3C//DTD XHTML 1.0 Transitional//EN"
    "http://www.w3.org/TR/xhtml1/DTD/xhtml1-transitional.dtd">
<html xmlns="http://www.w3.org/1999/xhtml" xml:lang="en" lang="en">
 <head>
  <title>
</title>
<meta http-equiv="Content-Type" content="text/html;charset=utf-8" />
  <meta name='ocr-system' content='tesseract 3.04.00' />
  <meta name='ocr-capabilities' content='ocr_page ocr_carea ocr_par ocr_line ocrx_word'/>
</head>
<body>
  <div class='ocr_page' id='page_1' title='image "./studienzurgriec02curtgoog_0383.png"; bbox 0 0 2828 4776; ppageno 0'>
   <div class='ocr_carea' id='block_1_1' title="bbox 614 354 808 425">
    <p class='ocr_par' dir='ltr' id='par_1_1' title="bbox 614 354 808 425">
     <span class='ocr_line' id='line_1_1' title="bbox 614 354 808 425; baseline 0 -17"><span class='ocrx_word' id='word_1_1' title='bbox 614 354 808 425; x_wconf 80' lang='lat' dir='ltr'>Chalkiopulos</span> 
     </span>
    </p>
   </div>
   <div class='ocr_carea' id='block_1_2' title="bbox 663 531 882 605">
    <p class='ocr_par' dir='ltr' id='par_1_2' title="bbox 663 531 882 605">
     <span class='ocr_line' id='line_1_2' title="bbox 663 531 882 605; baseline -0.014 -13"><span class='ocrx_word' id='word_1_2' title='bbox 663 531 756 605; x_wconf 64' lang='lat'><strong>512.</strong></span> <span class='ocrx_word' id='word_1_3' title='bbox 871 565 882 589; x_wconf 71' lang='grc' dir='ltr'><em>ι</em></span> 
     </span>
    </p>
   </div>
   <div class='ocr_carea' id='block_1_3' title="bbox 520 679 887 746">
    <p class='ocr_par' dir='ltr' id='par_1_3' title="bbox 520 679 887 746">
     <span class='ocr_line' id='line_1_3' title="bbox 520 679 887 746; baseline 0.005 -3"><span class='ocrx_word' id='word_1_4' title='bbox 520 679 574 743; x_wconf 85' lang='lat' dir='ltr'>De</span> <span class='ocrx_word' id='word_1_5' title='bbox 596 680 752 744; x_wconf 81' lang='lat' dir='ltr'>vocalibus</span> <span class='ocrx_word' id='word_1_6' title='bbox 774 683 887 746; x_wconf 77' lang='lat' dir='ltr'>eiectis,</span> 
     </span>
    </p>
   </div>
   <div class='ocr_carea' id='block_1_4' title="bbox 141 816 1266 1273">
    <p class='ocr_par' dir='ltr' id='par_1_4' title="bbox 141 816 1266 1273">
     <span class='ocr_line' id='line_1_4' title="bbox 227 816 1261 898; baseline 0.001 -17"><span class='ocrx_word' id='word_1_7' title='bbox 227 816 363 881; x_wconf 84' lang='lat' dir='ltr'>Vocales</span> <span class='ocrx_word' id='word_1_8' title='bbox 385 816 513 896; x_wconf 88' lang='lat' dir='ltr'>saepius</span> <span class='ocrx_word' id='word_1_9' title='bbox 542 835 613 884; x_wconf 83' lang='lat' dir='ltr'>cnm</span> <span class='ocrx_word' id='word_1_10' title='bbox 642 818 674 881; x_wconf 92' lang='lat' dir='ltr'>in</span> <span class='ocrx_word' id='word_1_11' title='bbox 704 816 777 881; x_wconf 87' lang='lat' dir='ltr'>aliis</span> <span class='ocrx_word' id='word_1_12' title='bbox 805 816 924 898; x_wconf 84' lang='lat' dir='ltr'>linguis</span> <span class='ocrx_word' id='word_1_13' title='bbox 946 817 1133 883; x_wconf 79' lang='lat' dir='ltr'>recentioris</span> <span class='ocrx_word' id='word_1_14' title='bbox 1155 818 1261 883; x_wconf 82' lang='lat' dir='ltr'>aetatis</span> 
     </span>
     <span class='ocr_line' id='line_1_5' title="bbox 141 912 1263 997; baseline 0.002 -19"><span class='ocrx_word' id='word_1_15' title='bbox 141 921 209 979; x_wconf 87' lang='lat' dir='ltr'>tum</span> <span class='ocrx_word' id='word_1_16' title='bbox 230 915 264 979; x_wconf 93' lang='lat' dir='ltr'>in</span> <span class='ocrx_word' id='word_1_17' title='bbox 287 931 404 997; x_wconf 83' lang='lat' dir='ltr'>graeca</span> <span class='ocrx_word' id='word_1_18' title='bbox 427 912 549 977; x_wconf 83' lang='lat' dir='ltr'>eiectae</span> <span class='ocrx_word' id='word_1_19' title='bbox 571 920 654 977; x_wconf 87' lang='lat' dir='ltr'>sunt.</span> <span class='ocrx_word' id='word_1_20' title='bbox 699 912 792 991; x_wconf 83' lang='lat' dir='ltr'>Quod</span> <span class='ocrx_word' id='word_1_21' title='bbox 821 913 949 996; x_wconf 86' lang='lat' dir='ltr'>quidem</span> <span class='ocrx_word' id='word_1_22' title='bbox 980 913 1048 978; x_wconf 85' lang='lat' dir='ltr'>fieri</span> <span class='ocrx_word' id='word_1_23' title='bbox 1073 914 1200 980; x_wconf 85' lang='lat' dir='ltr'>videtur</span> <span class='ocrx_word' id='word_1_24' title='bbox 1221 934 1263 996; x_wconf 87' lang='lat' dir='ltr'>eo,</span> 
     </span>
     <span class='ocr_line' id='line_1_6' title="bbox 143 1011 1265 1095; baseline -0.001 -18"><span class='ocrx_word' id='word_1_25' title='bbox 143 1011 227 1095; x_wconf 91' lang='lat' dir='ltr'>quod</span> <span class='ocrx_word' id='word_1_26' title='bbox 250 1012 396 1076; x_wconf 90' lang='lat' dir='ltr'>homines</span> <span class='ocrx_word' id='word_1_27' title='bbox 431 1029 526 1091; x_wconf 90' lang='lat' dir='ltr'>quam</span> <span class='ocrx_word' id='word_1_28' title='bbox 556 1011 719 1078; x_wconf 81' lang='lat' dir='ltr'>celerrime</span> <span class='ocrx_word' id='word_1_29' title='bbox 749 1017 846 1093; x_wconf 86' lang='lat' dir='ltr'>atque</span> <span class='ocrx_word' id='word_1_30' title='bbox 874 1011 1063 1078; x_wconf 89' lang='lat' dir='ltr'>brevissime</span> <span class='ocrx_word' id='word_1_31' title='bbox 1092 1012 1181 1094; x_wconf 85' lang='lat' dir='ltr'>loqui</span> <span class='ocrx_word' id='word_1_32' title='bbox 1208 1018 1265 1078; x_wconf 82' lang='lat' dir='ltr'>stn-</span> 
     </span>
     <span class='ocr_line' id='line_1_7' title="bbox 143 1097 1266 1192; baseline 0.001 -18"><span class='ocrx_word' id='word_1_33' title='bbox 143 1109 235 1192; x_wconf 84' lang='lat' dir='ltr'>dent,</span> <span class='ocrx_word' id='word_1_34' title='bbox 265 1130 328 1192; x_wconf 90' lang='lat' dir='ltr'>qua</span> <span class='ocrx_word' id='word_1_35' title='bbox 357 1110 398 1175; x_wconf 90' lang='lat' dir='ltr'>de</span> <span class='ocrx_word' id='word_1_36' title='bbox 426 1130 523 1175; x_wconf 88' lang='lat' dir='ltr'>causa</span> <span class='ocrx_word' id='word_1_37' title='bbox 551 1097 681 1175; x_wconf 83' lang='lat' dir='ltr'>vocales</span> <span class='ocrx_word' id='word_1_38' title='bbox 709 1108 847 1192; x_wconf 88' lang='lat' dir='ltr'>primum</span> <span class='ocrx_word' id='word_1_39' title='bbox 875 1114 1098 1191; x_wconf 83' lang='lat' dir='ltr'>attenuantur,</span> <span class='ocrx_word' id='word_1_40' title='bbox 1134 1110 1266 1192; x_wconf 88' lang='lat' dir='ltr'>deniqne</span> 
     </span>
     <span class='ocr_line' id='line_1_8' title="bbox 144 1207 491 1273; baseline -0.003 -1"><span class='ocrx_word' id='word_1_41' title='bbox 144 1208 272 1273; x_wconf 92' lang='lat' dir='ltr'>omnino</span> <span class='ocrx_word' id='word_1_42' title='bbox 296 1207 491 1272; x_wconf 82' lang='lat' dir='ltr'>omittuntur.</span> 
     </span>
    </p>
   </div>
   <div class='ocr_carea' id='block_1_5' title="bbox 290 1356 1130 1440">
    <p class='ocr_par' dir='ltr' id='par_1_5' title="bbox 290 1356 1130 1440">
     <span class='ocr_line' id='line_1_9' title="bbox 290 1356 1130 1440; baseline -0.001 -18"><span class='ocrx_word' id='word_1_43' title='bbox 290 1360 328 1424; x_wconf 88' lang='lat' dir='ltr'>A.</span> <span class='ocrx_word' id='word_1_44' title='bbox 373 1360 501 1424; x_wconf 82' lang='lat' dir='ltr'>initio</span> <span class='ocrx_word' id='word_1_45' title='bbox 524 1356 814 1422; x_wconf 86' lang='lat' dir='ltr'>vocabulorum</span> <span class='ocrx_word' id='word_1_46' title='bbox 837 1357 1130 1440; x_wconf 72' lang='lat' dir='ltr'>(aphaeresis).</span> 
     </span>
    </p>
   </div>
   <div class='ocr_carea' id='block_1_6' title="bbox 142 1491 1267 2845">
    <p class='ocr_par' dir='ltr' id='par_1_6' title="bbox 142 1491 1267 2164">
     <span class='ocr_line' id='line_1_10' title="bbox 228 1491 1267 1580; baseline -0.005 -18"><span class='ocrx_word' id='word_1_47' title='bbox 228 1495 426 1580; x_wconf 86' lang='lat' dir='ltr'>Aphaeresis</span> <span class='ocrx_word' id='word_1_48' title='bbox 446 1495 480 1559; x_wconf 90' lang='lat' dir='ltr'>in</span> <span class='ocrx_word' id='word_1_49' title='bbox 503 1495 616 1576; x_wconf 81' lang='lat' dir='ltr'>lingua</span> <span class='ocrx_word' id='word_1_50' title='bbox 630 1511 810 1574; x_wconf 83' lang='lat' dir='ltr'>neograeca</span> <span class='ocrx_word' id='word_1_51' title='bbox 824 1491 872 1556; x_wconf 85' lang='lat' dir='ltr'>ita</span> <span class='ocrx_word' id='word_1_52' title='bbox 886 1492 1052 1572; x_wconf 76' lang='lat' dir='ltr'>increbuit,</span> <span class='ocrx_word' id='word_1_53' title='bbox 1076 1499 1112 1557; x_wconf 83' lang='lat' dir='ltr'>ut</span> <span class='ocrx_word' id='word_1_54' title='bbox 1133 1494 1189 1559; x_wconf 84' lang='lat' dir='ltr'>lex</span> <span class='ocrx_word' id='word_1_55' title='bbox 1203 1495 1267 1558; x_wconf 91' lang='lat' dir='ltr'>uni·</span> 
     </span>
     <span class='ocr_line' id='line_1_11' title="bbox 143 1590 1267 1675; baseline -0.004 -16"><span class='ocrx_word' id='word_1_56' title='bbox 143 1614 238 1661; x_wconf 84' lang='lat' dir='ltr'>versa</span> <span class='ocrx_word' id='word_1_57' title='bbox 260 1593 357 1659; x_wconf 83' lang='lat' dir='ltr'>statui</span> <span class='ocrx_word' id='word_1_58' title='bbox 379 1613 444 1658; x_wconf 91' lang='lat' dir='ltr'>non</span> <span class='ocrx_word' id='word_1_59' title='bbox 460 1591 562 1675; x_wconf 83' lang='lat' dir='ltr'>possit</span> <span class='ocrx_word' id='word_1_60' title='bbox 584 1590 646 1656; x_wconf 92' lang='lat' dir='ltr'>nisi</span> <span class='ocrx_word' id='word_1_61' title='bbox 662 1590 814 1674; x_wconf 82' lang='lat' dir='ltr'>negativa</span> <span class='ocrx_word' id='word_1_62' title='bbox 828 1590 924 1655; x_wconf 88' lang='lat' dir='ltr'>haec:</span> <span class='ocrx_word' id='word_1_63' title='bbox 950 1591 1195 1674; x_wconf 81' lang='lat' dir='ltr'>aphaeresis</span> <span class='ocrx_word' id='word_1_64' title='bbox 1216 1591 1267 1656; x_wconf 91' lang='lat' dir='ltr'>ibi</span> 
     </span>
     <span class='ocr_line' id='line_1_12' title="bbox 142 1686 1267 1772; baseline -0.004 -15"><span class='ocrx_word' id='word_1_65' title='bbox 142 1698 299 1757; x_wconf 86' lang='lat' dir='ltr'>tantum</span> <span class='ocrx_word' id='word_1_66' title='bbox 315 1691 470 1770; x_wconf 81' lang='lat' dir='ltr'>nonsit,</span> <span class='ocrx_word' id='word_1_67' title='bbox 495 1688 562 1754; x_wconf 92' lang='lat' dir='ltr'>ubi</span> <span class='ocrx_word' id='word_1_68' title='bbox 584 1688 747 1753; x_wconf 86' lang='lat' dir='ltr'>vocalis</span> <span class='ocrx_word' id='word_1_69' title='bbox 769 1686 891 1751; x_wconf 83' lang='lat' dir='ltr'>initio</span> <span class='ocrx_word' id='word_1_70' title='bbox 914 1689 1109 1755; x_wconf 83' lang='lat' dir='ltr'>vocabuli</span> <span class='ocrx_word' id='word_1_71' title='bbox 1135 1689 1267 1772; x_wconf 88' lang='lat' dir='ltr'>posita</span> 
     </span>
     <span class='ocr_line' id='line_1_13' title="bbox 143 1785 1267 1869; baseline -0.004 -15"><span class='ocrx_word' id='word_1_72' title='bbox 143 1794 354 1854; x_wconf 85' lang='lat' dir='ltr'>accentum</span> <span class='ocrx_word' id='word_1_73' title='bbox 384 1788 516 1852; x_wconf 82' lang='lat' dir='ltr'>habet.</span> <span class='ocrx_word' id='word_1_74' title='bbox 562 1785 754 1868; x_wconf 80' lang='lat' dir='ltr'>Ceteroquin</span> <span class='ocrx_word' id='word_1_75' title='bbox 784 1785 870 1850; x_wconf 91' lang='lat' dir='ltr'>enim</span> <span class='ocrx_word' id='word_1_76' title='bbox 899 1805 1010 1852; x_wconf 88' lang='lat' dir='ltr'>omnes</span> <span class='ocrx_word' id='word_1_77' title='bbox 1030 1787 1174 1869; x_wconf 84' lang='lat' dir='ltr'>vocales,</span> <span class='ocrx_word' id='word_1_78' title='bbox 1205 1787 1267 1852; x_wconf 87' lang='lat' dir='ltr'>sive</span> 
     </span>
     <span class='ocr_line' id='line_1_14' title="bbox 145 1881 1265 1967; baseline -0.003 -16"><span class='ocrx_word' id='word_1_79' title='bbox 145 1887 221 1951; x_wconf 92' lang='lat' dir='ltr'>olim</span> <span class='ocrx_word' id='word_1_80' title='bbox 244 1886 369 1960; x_wconf 87' lang='lat' dir='ltr'>breves,</span> <span class='ocrx_word' id='word_1_81' title='bbox 393 1885 460 1950; x_wconf 84' lang='lat' dir='ltr'>sive</span> <span class='ocrx_word' id='word_1_82' title='bbox 482 1885 616 1967; x_wconf 84' lang='lat' dir='ltr'>longae,</span> <span class='ocrx_word' id='word_1_83' title='bbox 640 1883 708 1947; x_wconf 84' lang='lat' dir='ltr'>sive</span> <span class='ocrx_word' id='word_1_84' title='bbox 730 1881 922 1966; x_wconf 79' lang='lat' dir='ltr'>diphthongi</span> <span class='ocrx_word' id='word_1_85' title='bbox 944 1907 989 1962; x_wconf 88' lang='grc' dir='ltr'>αι,</span> <span class='ocrx_word' id='word_1_86' title='bbox 1013 1908 1054 1966; x_wconf 83' lang='grc' dir='ltr'>ει,</span> <span class='ocrx_word' id='word_1_87' title='bbox 1078 1908 1113 1948; x_wconf 96' lang='grc' dir='ltr'>οι</span> <span class='ocrx_word' id='word_1_88' title='bbox 1135 1884 1265 1964; x_wconf 85' lang='lat' dir='ltr'>fuerunt,</span> 
     </span>
     <span class='ocr_line' id='line_1_15' title="bbox 144 1981 1267 2066; baseline -0.004 -17"><span class='ocrx_word' id='word_1_89' title='bbox 144 1984 215 2050; x_wconf 94' lang='lat' dir='ltr'>eiici</span> <span class='ocrx_word' id='word_1_90' title='bbox 239 1987 388 2066; x_wconf 84' lang='lat' dir='ltr'>possunt,</span> <span class='ocrx_word' id='word_1_91' title='bbox 418 1981 605 2065; x_wconf 82' lang='lat' dir='ltr'>praesertim</span> <span class='ocrx_word' id='word_1_92' title='bbox 629 1988 705 2046; x_wconf 73' lang='lat' dir='ltr'>anie</span> <span class='ocrx_word' id='word_1_93' title='bbox 728 1982 747 2053; x_wconf 88' lang='grc' dir='ltr'><em>Ι,</em></span> <span class='ocrx_word' id='word_1_94' title='bbox 778 2000 816 2052; x_wconf 87' lang='lat' dir='ltr'>m,</span> <span class='ocrx_word' id='word_1_95' title='bbox 847 2001 866 2042; x_wconf 89' lang='grc' dir='ltr'><em>ο</em></span> <span class='ocrx_word' id='word_1_96' title='bbox 889 1987 921 2046; x_wconf 86' lang='lat' dir='ltr'>et</span> <span class='ocrx_word' id='word_1_97' title='bbox 942 1988 1018 2046; x_wconf 89' lang='lat' dir='ltr'>ante</span> <span class='ocrx_word' id='word_1_98' title='bbox 1040 1981 1207 2047; x_wconf 84' lang='lat' dir='ltr'>fricativas</span> <span class='ocrx_word' id='word_1_99' title='bbox 1227 1989 1267 2046; x_wconf 80' lang='lat' dir='ltr'>at-</span> 
     </span>
     <span class='ocr_line' id='line_1_16' title="bbox 142 2079 390 2164; baseline -0.012 -18"><span class='ocrx_word' id='word_1_100' title='bbox 142 2100 204 2164; x_wconf 90' lang='lat' dir='ltr'>que</span> <span class='ocrx_word' id='word_1_101' title='bbox 226 2079 262 2142; x_wconf 73' lang='lat' dir='ltr'>las</span> <span class='ocrx_word' id='word_1_102' title='bbox 284 2086 316 2146; x_wconf 87' lang='lat' dir='ltr'>et</span> <span class='ocrx_word' id='word_1_103' title='bbox 333 2100 390 2159; x_wconf 81' lang='lat' dir='ltr'>ps:</span> 
     </span>
    </p>

    <p class='ocr_par' dir='ltr' id='par_1_7' title="bbox 142 2171 1266 2547">
     <span class='ocr_line' id='line_1_17' title="bbox 228 2171 1266 2261; baseline -0.006 -18"><span class='ocrx_word' id='word_1_104' title='bbox 228 2183 260 2254; x_wconf 73' lang='lat' dir='ltr'>a)</span> <span class='ocrx_word' id='word_1_105' title='bbox 304 2198 338 2241; x_wconf 86' lang='lat' dir='ltr'>a:</span> <span class='ocrx_word' id='word_1_106' title='bbox 383 2174 491 2261; x_wconf 78' lang='grc' dir='ltr'><em>γολάδα</em></span> <span class='ocrx_word' id='word_1_107' title='bbox 514 2197 572 2259; x_wconf 89' lang='lat' dir='ltr'>pro</span> <span class='ocrx_word' id='word_1_108' title='bbox 595 2171 728 2257; x_wconf 81' lang='grc' dir='ltr'><em>ἆγελύς,</em></span> <span class='ocrx_word' id='word_1_109' title='bbox 751 2177 885 2258; x_wconf 53' lang='lat' dir='ltr'>panario</span> <span class='ocrx_word' id='word_1_110' title='bbox 901 2197 958 2259; x_wconf 92' lang='lat' dir='ltr'>pro</span> <span class='ocrx_word' id='word_1_111' title='bbox 974 2171 1163 2258; x_wconf 78' lang='grc' dir='ltr'><em>ἀγανακτῶ,</em></span> <span class='ocrx_word' id='word_1_112' title='bbox 1187 2175 1266 2260; x_wconf 73' lang='lat' dir='ltr'>plicia</span> 
     </span>
     <span class='ocr_line' id='line_1_18' title="bbox 142 2269 1265 2360; baseline -0.004 -18"><span class='ocrx_word' id='word_1_113' title='bbox 142 2298 200 2360; x_wconf 90' lang='lat' dir='ltr'>pro</span> <span class='ocrx_word' id='word_1_114' title='bbox 214 2271 309 2359; x_wconf 76' lang='grc' dir='ltr'><em>ύμλις</em></span> <span class='ocrx_word' id='word_1_115' title='bbox 326 2277 473 2354; x_wconf 62' lang='grc' dir='ltr'><em>(ιθ-ος),</em></span> <span class='ocrx_word' id='word_1_116' title='bbox 490 2274 591 2357; x_wconf 70' lang='lat' dir='ltr'>yloi&#39;jc</span> <span class='ocrx_word' id='word_1_117' title='bbox 604 2293 663 2356; x_wconf 89' lang='lat' dir='ltr'>pro</span> <span class='ocrx_word' id='word_1_118' title='bbox 676 2269 807 2356; x_wconf 79' lang='grc' dir='ltr'><em>ἀνλαΐα,</em></span> <span class='ocrx_word' id='word_1_119' title='bbox 824 2272 1015 2354; x_wconf 56' lang='lat' dir='ltr'>concanora)</span> <span class='ocrx_word' id='word_1_120' title='bbox 1026 2292 1085 2355; x_wconf 89' lang='lat' dir='ltr'>pro</span> <span class='ocrx_word' id='word_1_121' title='bbox 1102 2269 1265 2353; x_wconf 79' lang='grc' dir='ltr'><em>ἀκόντιον,</em></span> 
     </span>
     <span class='ocr_line' id='line_1_19' title="bbox 144 2366 1266 2455; baseline -0.005 -17"><span class='ocrx_word' id='word_1_122' title='bbox 144 2373 299 2452; x_wconf 71' lang='grc' dir='ltr'><em>δμόοιάαῶ</em></span> <span class='ocrx_word' id='word_1_123' title='bbox 312 2393 370 2455; x_wconf 91' lang='lat' dir='ltr'>pro</span> <span class='ocrx_word' id='word_1_124' title='bbox 387 2366 529 2452; x_wconf 77' lang='grc' dir='ltr'><em>ἀδάμας,</em></span> <span class='ocrx_word' id='word_1_125' title='bbox 553 2370 679 2433; x_wconf 74' lang='grc' dir='ltr'><em>νοάονοο</em></span> <span class='ocrx_word' id='word_1_126' title='bbox 696 2391 754 2454; x_wconf 89' lang='lat' dir='ltr'>pro</span> <span class='ocrx_word' id='word_1_127' title='bbox 771 2367 932 2455; x_wconf 80' lang='grc' dir='ltr'><em>ἀμαυρός,</em></span> <span class='ocrx_word' id='word_1_128' title='bbox 951 2372 1086 2435; x_wconf 69' lang='lat' dir='ltr'>&amp;occsio</span> <span class='ocrx_word' id='word_1_129' title='bbox 1101 2367 1266 2454; x_wconf 73' lang='grc' dir='ltr'><em>μοοΆθα-</em></span> 
     </span>
     <span class='ocr_line' id='line_1_20' title="bbox 142 2469 343 2547; baseline -0.02 -11"><span class='ocrx_word' id='word_1_130' title='bbox 142 2469 261 2547; x_wconf 79' lang='grc' dir='ltr'><em>νύὶνιος</em></span> <span class='ocrx_word' id='word_1_131' title='bbox 284 2477 343 2536; x_wconf 84' lang='lat' dir='ltr'>cet.</span> 
     </span>
    </p>

    <p class='ocr_par' dir='ltr' id='par_1_8' title="bbox 228 2566 548 2652">
     <span class='ocr_line' id='line_1_21' title="bbox 228 2566 548 2652; baseline -0.009 -21"><span class='ocrx_word' id='word_1_132' title='bbox 228 2566 263 2652; x_wconf 89' lang='lat' dir='ltr'>b)</span> <span class='ocrx_word' id='word_1_133' title='bbox 309 2570 388 2647; x_wconf 83' lang='lat' dir='ltr'>c(e,</span> <span class='ocrx_word' id='word_1_134' title='bbox 412 2589 458 2646; x_wconf 95' lang='grc' dir='ltr'>αι,</span> <span class='ocrx_word' id='word_1_135' title='bbox 483 2568 548 2641; x_wconf 82' lang='lat' dir='ltr'>sv):</span> 
     </span>
    </p>

    <p class='ocr_par' dir='ltr' id='par_1_9' title="bbox 144 2659 1266 2845">
     <span class='ocr_line' id='line_1_22' title="bbox 229 2659 1265 2747; baseline 0 -21"><span class='ocrx_word' id='word_1_136' title='bbox 229 2665 331 2726; x_wconf 78' lang='lat' dir='ltr'>Iamno</span> <span class='ocrx_word' id='word_1_137' title='bbox 353 2683 411 2746; x_wconf 89' lang='lat' dir='ltr'>pro</span> <span class='ocrx_word' id='word_1_138' title='bbox 435 2659 579 2745; x_wconf 85' lang='grc' dir='ltr'><em>ἐλαύνω,</em></span> <span class='ocrx_word' id='word_1_139' title='bbox 599 2664 691 2747; x_wconf 76' lang='lat' dir='ltr'>pacho</span> <span class='ocrx_word' id='word_1_140' title='bbox 713 2683 771 2746; x_wconf 90' lang='lat' dir='ltr'>pro</span> <span class='ocrx_word' id='word_1_141' title='bbox 794 2661 928 2746; x_wconf 75' lang='grc' dir='ltr'><em>ἐψήνω,</em></span> <span class='ocrx_word' id='word_1_142' title='bbox 951 2663 1047 2746; x_wconf 78' lang='grc' dir='ltr'>μοάαί</span> <span class='ocrx_word' id='word_1_143' title='bbox 1066 2681 1125 2743; x_wconf 89' lang='lat' dir='ltr'>pro</span> <span class='ocrx_word' id='word_1_144' title='bbox 1148 2659 1265 2747; x_wconf 80' lang='grc' dir='ltr'><em>ἕψύνη,</em></span> 
     </span>
     <span class='ocr_line' id='line_1_23' title="bbox 144 2756 1266 2845; baseline -0.003 -20"><span class='ocrx_word' id='word_1_145' title='bbox 144 2761 211 2826; x_wconf 74' lang='lat' dir='ltr'>larii</span> <span class='ocrx_word' id='word_1_146' title='bbox 231 2781 289 2844; x_wconf 91' lang='lat' dir='ltr'>pro</span> <span class='ocrx_word' id='word_1_147' title='bbox 313 2759 436 2841; x_wconf 72' lang='grc' dir='ltr'><em>ἔλαιον,</em></span> <span class='ocrx_word' id='word_1_148' title='bbox 460 2758 515 2842; x_wconf 85' lang='lat' dir='ltr'>Icfi</span> <span class='ocrx_word' id='word_1_149' title='bbox 535 2779 594 2842; x_wconf 89' lang='lat' dir='ltr'>pro</span> <span class='ocrx_word' id='word_1_150' title='bbox 617 2756 754 2845; x_wconf 82' lang='grc' dir='ltr'><em>ἐλαφος,</em></span> <span class='ocrx_word' id='word_1_151' title='bbox 777 2759 932 2824; x_wconf 73' lang='lat' dir='ltr'>chomatis</span> <span class='ocrx_word' id='word_1_152' title='bbox 953 2779 1012 2843; x_wconf 88' lang='lat' dir='ltr'>pro</span> <span class='ocrx_word' id='word_1_153' title='bbox 1034 2756 1197 2842; x_wconf 78' lang='grc' dir='ltr'><em>ἑβδομύς,</em></span> <span class='ocrx_word' id='word_1_154' title='bbox 1220 2761 1266 2822; x_wconf 78' lang='grc' dir='ltr'><em>λιι·-</em></span> 
     </span>
    </p>
   </div>
   <div class='ocr_carea' id='block_1_7' title="bbox 22 2854 1265 2943">
    <p class='ocr_par' dir='ltr' id='par_1_10' title="bbox 22 2854 1265 2943">
     <span class='ocr_line' id='line_1_24' title="bbox 22 2854 1265 2943; baseline -0.001 -21"><span class='ocrx_word' id='word_1_155' title='bbox 22 2879 32 2912; x_wconf 70' lang='lat'><strong>1</strong></span> <span class='ocrx_word' id='word_1_156' title='bbox 144 2859 258 2922; x_wconf 68' lang='lat' dir='ltr'>mosiaci</span> <span class='ocrx_word' id='word_1_157' title='bbox 271 2878 328 2942; x_wconf 90' lang='lat' dir='ltr'>pro</span> <span class='ocrx_word' id='word_1_158' title='bbox 351 2854 569 2943; x_wconf 80' lang='grc' dir='ltr'><em>ἐλεημοσύνη,</em></span> <span class='ocrx_word' id='word_1_159' title='bbox 593 2856 725 2938; x_wconf 64' lang='grc' dir='ltr'><em>λύμλονοο</em></span> <span class='ocrx_word' id='word_1_160' title='bbox 747 2878 804 2941; x_wconf 90' lang='lat' dir='ltr'>pro</span> <span class='ocrx_word' id='word_1_161' title='bbox 827 2855 1026 2940; x_wconf 76' lang='grc' dir='ltr'><em>ἐλεύθερος,</em></span> <span class='ocrx_word' id='word_1_162' title='bbox 1054 2855 1192 2940; x_wconf 77' lang='lat' dir='ltr'>Lipsiae</span> <span class='ocrx_word' id='word_1_163' title='bbox 1214 2877 1265 2942; x_wconf 87' lang='lat' dir='ltr'>pro</span> 
     </span>
    </p>
   </div>
   <div class='ocr_carea' id='block_1_8' title="bbox 140 2954 1267 4014">
    <p class='ocr_par' dir='ltr' id='par_1_11' title="bbox 140 2954 1267 3625">
     <span class='ocr_line' id='line_1_25' title="bbox 140 2954 1265 3037; baseline -0.002 -15"><span class='ocrx_word' id='word_1_164' title='bbox 140 2955 298 3032; x_wconf 81' lang='grc' dir='ltr'><em>Ἐλεασίς.</em></span> <span class='ocrx_word' id='word_1_165' title='bbox 343 2955 538 3037; x_wconf 83' lang='lat' dir='ltr'>Saepissime</span> <span class='ocrx_word' id='word_1_166' title='bbox 555 2978 570 3019; x_wconf 88' lang='grc' dir='ltr'><em>ε</em></span> <span class='ocrx_word' id='word_1_167' title='bbox 587 2955 621 3018; x_wconf 91' lang='lat' dir='ltr'>in</span> <span class='ocrx_word' id='word_1_168' title='bbox 636 2955 802 3021; x_wconf 86' lang='lat' dir='ltr'>vocabulis</span> <span class='ocrx_word' id='word_1_169' title='bbox 825 2955 979 3020; x_wconf 81' lang='lat' dir='ltr'>omittitur</span> <span class='ocrx_word' id='word_1_170' title='bbox 993 2954 1179 3036; x_wconf 88' lang='lat' dir='ltr'>compositis</span> <span class='ocrx_word' id='word_1_171' title='bbox 1202 2974 1265 3020; x_wconf 89' lang='lat' dir='ltr'>cum</span> 
     </span>
     <span class='ocr_line' id='line_1_26' title="bbox 143 3049 1265 3139; baseline -0.004 -18"><span class='ocrx_word' id='word_1_172' title='bbox 143 3052 435 3139; x_wconf 85' lang='lat' dir='ltr'>praepositionibus</span> <span class='ocrx_word' id='word_1_173' title='bbox 458 3049 504 3135; x_wconf 90' lang='grc' dir='ltr'>ἐν,</span> <span class='ocrx_word' id='word_1_174' title='bbox 530 3049 579 3133; x_wconf 85' lang='grc' dir='ltr'>ἐκ,</span> <span class='ocrx_word' id='word_1_175' title='bbox 603 3049 641 3131; x_wconf 81' lang='grc' dir='ltr'>ἐξ</span> <span class='ocrx_word' id='word_1_176' title='bbox 662 3057 694 3116; x_wconf 88' lang='lat' dir='ltr'>et</span> <span class='ocrx_word' id='word_1_177' title='bbox 718 3050 787 3134; x_wconf 78' lang='grc' dir='ltr'><em>ἐντί,</em></span> <span class='ocrx_word' id='word_1_178' title='bbox 812 3073 838 3119; x_wconf 90' lang='lat' dir='ltr'>e.</span> <span class='ocrx_word' id='word_1_179' title='bbox 861 3074 892 3135; x_wconf 86' lang='lat' dir='ltr'>g.</span> <span class='ocrx_word' id='word_1_180' title='bbox 914 3050 1026 3123; x_wconf 76' lang='grc' dir='ltr'><em>νούνόι,</em></span> <span class='ocrx_word' id='word_1_181' title='bbox 1056 3050 1196 3114; x_wconf 76' lang='lat' dir='ltr'>mhrostc</span> <span class='ocrx_word' id='word_1_182' title='bbox 1213 3072 1265 3134; x_wconf 90' lang='lat' dir='ltr'>pro</span> 
     </span>
     <span class='ocr_line' id='line_1_27' title="bbox 144 3146 1265 3243; baseline -0.004 -26"><span class='ocrx_word' id='word_1_183' title='bbox 144 3150 295 3235; x_wconf 79' lang='grc' dir='ltr'><em>ἐμπρύς,</em></span> <span class='ocrx_word' id='word_1_184' title='bbox 319 3149 517 3235; x_wconf 69' lang='grc' dir='ltr'><em>ἔμπροσθεν</em></span> <span class='ocrx_word' id='word_1_185' title='bbox 542 3149 609 3215; x_wconf 88' lang='lat' dir='ltr'>dor.</span> <span class='ocrx_word' id='word_1_186' title='bbox 634 3146 834 3235; x_wconf 72' lang='grc' dir='ltr'><em>ἐμπροοθα,</em></span> <span class='ocrx_word' id='word_1_187' title='bbox 856 3150 995 3243; x_wconf 64' lang='grc' dir='ltr'>νοιόοθιίνο</span> <span class='ocrx_word' id='word_1_188' title='bbox 1011 3168 1070 3232; x_wconf 86' lang='lat' dir='ltr'>pro</span> <span class='ocrx_word' id='word_1_189' title='bbox 1093 3147 1265 3230; x_wconf 72' lang='grc' dir='ltr'><em>ἐντόσθια,</em></span> 
     </span>
     <span class='ocr_line' id='line_1_28' title="bbox 143 3245 1265 3332; baseline -0.004 -20"><span class='ocrx_word' id='word_1_190' title='bbox 143 3248 277 3314; x_wconf 64' lang='lat' dir='ltr'>sororii</span> <span class='ocrx_word' id='word_1_191' title='bbox 296 3269 354 3332; x_wconf 90' lang='lat' dir='ltr'>pro</span> <span class='ocrx_word' id='word_1_192' title='bbox 377 3245 603 3329; x_wconf 83' lang='grc' dir='ltr'><em>ἐσωκύρδιον,</em></span> <span class='ocrx_word' id='word_1_193' title='bbox 627 3245 734 3328; x_wconf 75' lang='grc' dir='ltr'><em>λούχο,</em></span> <span class='ocrx_word' id='word_1_194' title='bbox 758 3247 867 3325; x_wconf 70' lang='lat' dir='ltr'>roro,</span> <span class='ocrx_word' id='word_1_195' title='bbox 890 3247 1062 3321; x_wconf 71' lang='lat' dir='ltr'>rsokostcs,</span> <span class='ocrx_word' id='word_1_196' title='bbox 1085 3245 1265 3322; x_wconf 65' lang='grc' dir='ltr'><em>Ιοοάοιὶτιομλ</em></span> 
     </span>
     <span class='ocr_line' id='line_1_29' title="bbox 143 3342 1265 3432; baseline -0.003 -20"><span class='ocrx_word' id='word_1_197' title='bbox 143 3368 202 3432; x_wconf 91' lang='lat' dir='ltr'>pro</span> <span class='ocrx_word' id='word_1_198' title='bbox 225 3344 340 3427; x_wconf 84' lang='grc' dir='ltr'><em>ἐξέχω,</em></span> <span class='ocrx_word' id='word_1_199' title='bbox 364 3343 497 3427; x_wconf 85' lang='grc' dir='ltr'><em>ἐξαιρῶ,</em></span> <span class='ocrx_word' id='word_1_200' title='bbox 521 3342 735 3426; x_wconf 80' lang='grc' dir='ltr'><em>ἐξάκουστος,</em></span> <span class='ocrx_word' id='word_1_201' title='bbox 758 3343 935 3432; x_wconf 78' lang='grc' dir='ltr'><em>ἑξάμηνον,</em></span> <span class='ocrx_word' id='word_1_202' title='bbox 959 3346 1054 3431; x_wconf 82' lang='grc' dir='ltr'><em>μδιόο</em></span> <span class='ocrx_word' id='word_1_203' title='bbox 1077 3365 1136 3430; x_wconf 89' lang='lat' dir='ltr'>pro</span> <span class='ocrx_word' id='word_1_204' title='bbox 1151 3344 1265 3426; x_wconf 73' lang='grc' dir='ltr'><em>ἐκδύο),</em></span> 
     </span>
     <span class='ocr_line' id='line_1_30' title="bbox 144 3440 1267 3530; baseline -0.003 -21"><span class='ocrx_word' id='word_1_205' title='bbox 144 3444 262 3529; x_wconf 66' lang='lat' dir='ltr'>poema</span> <span class='ocrx_word' id='word_1_206' title='bbox 278 3464 336 3527; x_wconf 89' lang='lat' dir='ltr'>pro</span> <span class='ocrx_word' id='word_1_207' title='bbox 352 3441 491 3527; x_wconf 77' lang='grc' dir='ltr'><em>ἐκόἐρω,</em></span> <span class='ocrx_word' id='word_1_208' title='bbox 504 3441 641 3526; x_wconf 71' lang='lat' dir='ltr'>pitz&#39;hjos</span> <span class='ocrx_word' id='word_1_209' title='bbox 650 3463 709 3526; x_wconf 89' lang='lat' dir='ltr'>pro</span> <span class='ocrx_word' id='word_1_210' title='bbox 725 3441 932 3530; x_wconf 78' lang='grc' dir='ltr'><em>ἐπιτήδειος,</em></span> <span class='ocrx_word' id='word_1_211' title='bbox 944 3443 1106 3529; x_wconf 57' lang='lat' dir='ltr'>macanos</span> <span class='ocrx_word' id='word_1_212' title='bbox 1120 3463 1179 3526; x_wconf 93' lang='lat' dir='ltr'>pro</span> <span class='ocrx_word' id='word_1_213' title='bbox 1195 3440 1267 3508; x_wconf 83' lang='grc' dir='ltr'><em>ἐντι-</em></span> 
     </span>
     <span class='ocr_line' id='line_1_31' title="bbox 146 3537 760 3625; baseline -0.003 -18"><span class='ocrx_word' id='word_1_214' title='bbox 146 3541 266 3625; x_wconf 81' lang='grc' dir='ltr'><em>δέξιος,</em></span> <span class='ocrx_word' id='word_1_215' title='bbox 285 3540 413 3625; x_wconf 75' lang='grc' dir='ltr'><em>μὶθύνοό</em></span> <span class='ocrx_word' id='word_1_216' title='bbox 435 3559 493 3623; x_wconf 89' lang='lat' dir='ltr'>pro</span> <span class='ocrx_word' id='word_1_217' title='bbox 516 3537 678 3621; x_wconf 76' lang='grc' dir='ltr'><em>ἐπιθυμῶ</em></span> <span class='ocrx_word' id='word_1_218' title='bbox 700 3547 760 3606; x_wconf 84' lang='lat' dir='ltr'>cet.</span> 
     </span>
    </p>

    <p class='ocr_par' dir='ltr' id='par_1_12' title="bbox 145 3635 1267 4014">
     <span class='ocr_line' id='line_1_32' title="bbox 230 3635 1265 3722; baseline 0.001 -19"><span class='ocrx_word' id='word_1_219' title='bbox 230 3662 282 3703; x_wconf 80' lang='lat' dir='ltr'>ort:</span> <span class='ocrx_word' id='word_1_220' title='bbox 324 3643 466 3701; x_wconf 75' lang='lat' dir='ltr'>staoome</span> <span class='ocrx_word' id='word_1_221' title='bbox 487 3659 545 3722; x_wconf 89' lang='lat' dir='ltr'>pro</span> <span class='ocrx_word' id='word_1_222' title='bbox 568 3635 796 3720; x_wconf 75' lang='grc' dir='ltr'><em>αἰσθάνομαι,</em></span> <span class='ocrx_word' id='word_1_223' title='bbox 826 3637 956 3722; x_wconf 65' lang='lat' dir='ltr'>pthisico)</span> <span class='ocrx_word' id='word_1_224' title='bbox 978 3657 1036 3721; x_wconf 89' lang='lat' dir='ltr'>pro</span> <span class='ocrx_word' id='word_1_225' title='bbox 1059 3635 1208 3721; x_wconf 79' lang='grc' dir='ltr'><em>αἰγίδιον</em></span> <span class='ocrx_word' id='word_1_226' title='bbox 1229 3667 1265 3689; x_wconf 81' lang='lat'>===</span> 
     </span>
     <span class='ocr_line' id='line_1_33' title="bbox 145 3730 1267 3821; baseline -0.002 -21"><span class='ocrx_word' id='word_1_227' title='bbox 145 3730 216 3819; x_wconf 76' lang='grc' dir='ltr'><em>αἲξ,</em></span> <span class='ocrx_word' id='word_1_228' title='bbox 246 3737 346 3821; x_wconf 75' lang='grc' dir='ltr'><em>μύοίόο</em></span> <span class='ocrx_word' id='word_1_229' title='bbox 367 3756 425 3819; x_wconf 90' lang='lat' dir='ltr'>pro</span> <span class='ocrx_word' id='word_1_230' title='bbox 450 3732 621 3819; x_wconf 74' lang='grc' dir='ltr'><em>αἰγιαλύς,</em></span> <span class='ocrx_word' id='word_1_231' title='bbox 651 3734 751 3818; x_wconf 72' lang='lat' dir='ltr'>pistos</span> <span class='ocrx_word' id='word_1_232' title='bbox 772 3756 830 3819; x_wconf 90' lang='lat' dir='ltr'>pro</span> <span class='ocrx_word' id='word_1_233' title='bbox 852 3731 1058 3818; x_wconf 77' lang='grc' dir='ltr'><em>Αἰγύπτιος,</em></span> <span class='ocrx_word' id='word_1_234' title='bbox 1081 3736 1267 3800; x_wconf 72' lang='grc' dir='ltr'><em>νκοίονκύκοτ</em></span> 
     </span>
     <span class='ocr_line' id='line_1_34' title="bbox 145 3830 1266 3918; baseline 0.001 -20"><span class='ocrx_word' id='word_1_235' title='bbox 145 3852 203 3916; x_wconf 89' lang='lat' dir='ltr'>pro</span> <span class='ocrx_word' id='word_1_236' title='bbox 227 3832 475 3916; x_wconf 78' lang='grc' dir='ltr'><em>αἱματωμένος,</em></span> <span class='ocrx_word' id='word_1_237' title='bbox 497 3832 617 3916; x_wconf 63' lang='lat' dir='ltr'>Lapsae</span> <span class='ocrx_word' id='word_1_238' title='bbox 638 3854 696 3916; x_wconf 88' lang='lat' dir='ltr'>pro</span> <span class='ocrx_word' id='word_1_239' title='bbox 712 3830 889 3918; x_wconf 79' lang='grc' dir='ltr'><em>Αἰδηψός,</em></span> <span class='ocrx_word' id='word_1_240' title='bbox 913 3830 1059 3895; x_wconf 69' lang='lat' dir='ltr'>concisso</span> <span class='ocrx_word' id='word_1_241' title='bbox 1082 3853 1141 3917; x_wconf 90' lang='lat' dir='ltr'>pro</span> <span class='ocrx_word' id='word_1_242' title='bbox 1164 3833 1266 3916; x_wconf 82' lang='grc' dir='ltr'><em>αἱμα-</em></span> 
     </span>
     <span class='ocr_line' id='line_1_35' title="bbox 148 3925 1119 4014; baseline 0.002 -19"><span class='ocrx_word' id='word_1_243' title='bbox 148 3927 232 3995; x_wconf 81' lang='grc' dir='ltr'><em>ὂιύω</em></span> <span class='ocrx_word' id='word_1_244' title='bbox 256 3963 298 3983; x_wconf 92' lang='grc'>--</span> <span class='ocrx_word' id='word_1_245' title='bbox 321 3929 489 4012; x_wconf 78' lang='grc' dir='ltr'><em>αἱμιοδέω,</em></span> <span class='ocrx_word' id='word_1_246' title='bbox 516 3931 691 3993; x_wconf 78' lang='lat' dir='ltr'>mutcstctr&#39;s</span> <span class='ocrx_word' id='word_1_247' title='bbox 712 3951 770 4014; x_wconf 87' lang='lat' dir='ltr'>pro</span> <span class='ocrx_word' id='word_1_248' title='bbox 793 3925 1034 4012; x_wconf 79' lang='grc' dir='ltr'><em>αλμοστατικύς</em></span> <span class='ocrx_word' id='word_1_249' title='bbox 1057 3937 1119 3997; x_wconf 85' lang='lat' dir='ltr'>cet.</span> 
     </span>
    </p>
   </div>
   <div class='ocr_carea' id='block_1_9' title="bbox 0 0 1418 4776">
    <p class='ocr_par' dir='ltr' id='par_1_13' title="bbox 0 0 1418 4776">
     <span class='ocr_line' id='line_1_36' title="bbox 0 0 1418 4776; baseline 0 0"><span class='ocrx_word' id='word_1_250' title='bbox 0 0 1418 4776; x_wconf 95' lang='lat' dir='ltr'> </span> 
     </span>
    </p>
   </div>
  </div>
 </body>
</html>
